%YAML 1.1
%TAG !u! tag:unity3d.com,2011:
--- !u!29 &1
OcclusionCullingSettings:
  m_ObjectHideFlags: 0
  serializedVersion: 2
  m_OcclusionBakeSettings:
    smallestOccluder: 5
    smallestHole: 0.25
    backfaceThreshold: 100
  m_SceneGUID: 00000000000000000000000000000000
  m_OcclusionCullingData: {fileID: 0}
--- !u!104 &2
RenderSettings:
  m_ObjectHideFlags: 0
  serializedVersion: 9
  m_Fog: 0
  m_FogColor: {r: 0.5, g: 0.5, b: 0.5, a: 1}
  m_FogMode: 3
  m_FogDensity: 0.01
  m_LinearFogStart: 0
  m_LinearFogEnd: 300
  m_AmbientSkyColor: {r: 0.212, g: 0.227, b: 0.259, a: 1}
  m_AmbientEquatorColor: {r: 0.114, g: 0.125, b: 0.133, a: 1}
  m_AmbientGroundColor: {r: 0.047, g: 0.043, b: 0.035, a: 1}
  m_AmbientIntensity: 1
  m_AmbientMode: 0
  m_SubtractiveShadowColor: {r: 0.42, g: 0.478, b: 0.627, a: 1}
  m_SkyboxMaterial: {fileID: 0}
  m_HaloStrength: 0.5
  m_FlareStrength: 1
  m_FlareFadeSpeed: 3
  m_HaloTexture: {fileID: 0}
  m_SpotCookie: {fileID: 10001, guid: 0000000000000000e000000000000000, type: 0}
  m_DefaultReflectionMode: 0
  m_DefaultReflectionResolution: 128
  m_ReflectionBounces: 1
  m_ReflectionIntensity: 1
  m_CustomReflection: {fileID: 0}
  m_Sun: {fileID: 0}
  m_IndirectSpecularColor: {r: 0, g: 0, b: 0, a: 1}
  m_UseRadianceAmbientProbe: 0
--- !u!157 &3
LightmapSettings:
  m_ObjectHideFlags: 0
  serializedVersion: 11
  m_GIWorkflowMode: 0
  m_GISettings:
    serializedVersion: 2
    m_BounceScale: 1
    m_IndirectOutputScale: 1
    m_AlbedoBoost: 1
    m_TemporalCoherenceThreshold: 1
    m_EnvironmentLightingMode: 0
    m_EnableBakedLightmaps: 1
    m_EnableRealtimeLightmaps: 1
  m_LightmapEditorSettings:
    serializedVersion: 10
    m_Resolution: 2
    m_BakeResolution: 40
    m_AtlasSize: 1024
    m_AO: 0
    m_AOMaxDistance: 1
    m_CompAOExponent: 1
    m_CompAOExponentDirect: 0
    m_Padding: 2
    m_LightmapParameters: {fileID: 0}
    m_LightmapsBakeMode: 1
    m_TextureCompression: 1
    m_FinalGather: 0
    m_FinalGatherFiltering: 1
    m_FinalGatherRayCount: 256
    m_ReflectionCompression: 2
    m_MixedBakeMode: 2
    m_BakeBackend: 1
    m_PVRSampling: 1
    m_PVRDirectSampleCount: 32
    m_PVRSampleCount: 500
    m_PVRBounces: 2
    m_PVRFilterTypeDirect: 0
    m_PVRFilterTypeIndirect: 0
    m_PVRFilterTypeAO: 0
    m_PVRFilteringMode: 1
    m_PVRCulling: 1
    m_PVRFilteringGaussRadiusDirect: 1
    m_PVRFilteringGaussRadiusIndirect: 5
    m_PVRFilteringGaussRadiusAO: 2
    m_PVRFilteringAtrousPositionSigmaDirect: 0.5
    m_PVRFilteringAtrousPositionSigmaIndirect: 2
    m_PVRFilteringAtrousPositionSigmaAO: 1
    m_ShowResolutionOverlay: 1
  m_LightingDataAsset: {fileID: 0}
  m_UseShadowmask: 1
--- !u!196 &4
NavMeshSettings:
  serializedVersion: 2
  m_ObjectHideFlags: 0
  m_BuildSettings:
    serializedVersion: 2
    agentTypeID: 0
    agentRadius: 0.5
    agentHeight: 2
    agentSlope: 45
    agentClimb: 0.4
    ledgeDropHeight: 0
    maxJumpAcrossDistance: 0
    minRegionArea: 2
    manualCellSize: 0
    cellSize: 0.16666667
    manualTileSize: 0
    tileSize: 256
    accuratePlacement: 0
    debug:
      m_Flags: 0
  m_NavMeshData: {fileID: 0}
--- !u!1001 &20971070
Prefab:
  m_ObjectHideFlags: 0
  serializedVersion: 2
  m_Modification:
    m_TransformParent: {fileID: 0}
    m_Modifications:
    - target: {fileID: 400000, guid: 68292a1b590c07144825249b0f4db46b, type: 3}
      propertyPath: m_LocalPosition.x
      value: -39.202
      objectReference: {fileID: 0}
    - target: {fileID: 400000, guid: 68292a1b590c07144825249b0f4db46b, type: 3}
      propertyPath: m_LocalPosition.y
      value: -0.38421
      objectReference: {fileID: 0}
    - target: {fileID: 400000, guid: 68292a1b590c07144825249b0f4db46b, type: 3}
      propertyPath: m_LocalPosition.z
      value: -90.596
      objectReference: {fileID: 0}
    - target: {fileID: 400000, guid: 68292a1b590c07144825249b0f4db46b, type: 3}
      propertyPath: m_LocalRotation.x
      value: -0.5
      objectReference: {fileID: 0}
    - target: {fileID: 400000, guid: 68292a1b590c07144825249b0f4db46b, type: 3}
      propertyPath: m_LocalRotation.y
      value: 0.5
      objectReference: {fileID: 0}
    - target: {fileID: 400000, guid: 68292a1b590c07144825249b0f4db46b, type: 3}
      propertyPath: m_LocalRotation.z
      value: 0.5
      objectReference: {fileID: 0}
    - target: {fileID: 400000, guid: 68292a1b590c07144825249b0f4db46b, type: 3}
      propertyPath: m_LocalRotation.w
      value: 0.5
      objectReference: {fileID: 0}
    - target: {fileID: 400000, guid: 68292a1b590c07144825249b0f4db46b, type: 3}
      propertyPath: m_RootOrder
      value: 6
      objectReference: {fileID: 0}
    - target: {fileID: 400000, guid: 68292a1b590c07144825249b0f4db46b, type: 3}
      propertyPath: m_LocalEulerAnglesHint.x
      value: -90.00001
      objectReference: {fileID: 0}
    - target: {fileID: 400000, guid: 68292a1b590c07144825249b0f4db46b, type: 3}
      propertyPath: m_LocalEulerAnglesHint.z
      value: 90
      objectReference: {fileID: 0}
    m_RemovedComponents: []
  m_ParentPrefab: {fileID: 100100000, guid: 68292a1b590c07144825249b0f4db46b, type: 3}
  m_IsPrefabParent: 0
--- !u!1001 &95159629
Prefab:
  m_ObjectHideFlags: 0
  serializedVersion: 2
  m_Modification:
    m_TransformParent: {fileID: 641845942}
    m_Modifications:
    - target: {fileID: 400000, guid: 6843d2f01c8c5ea4ea5382c02e7af57c, type: 3}
      propertyPath: m_LocalPosition.x
      value: 58.027813
      objectReference: {fileID: 0}
    - target: {fileID: 400000, guid: 6843d2f01c8c5ea4ea5382c02e7af57c, type: 3}
      propertyPath: m_LocalPosition.y
      value: 20.093878
      objectReference: {fileID: 0}
    - target: {fileID: 400000, guid: 6843d2f01c8c5ea4ea5382c02e7af57c, type: 3}
      propertyPath: m_LocalPosition.z
      value: -99.37036
      objectReference: {fileID: 0}
    - target: {fileID: 400000, guid: 6843d2f01c8c5ea4ea5382c02e7af57c, type: 3}
      propertyPath: m_LocalRotation.x
      value: -0.7071068
      objectReference: {fileID: 0}
    - target: {fileID: 400000, guid: 6843d2f01c8c5ea4ea5382c02e7af57c, type: 3}
      propertyPath: m_LocalRotation.y
      value: -0
      objectReference: {fileID: 0}
    - target: {fileID: 400000, guid: 6843d2f01c8c5ea4ea5382c02e7af57c, type: 3}
      propertyPath: m_LocalRotation.z
      value: -0
      objectReference: {fileID: 0}
    - target: {fileID: 400000, guid: 6843d2f01c8c5ea4ea5382c02e7af57c, type: 3}
      propertyPath: m_LocalRotation.w
      value: 0.7071068
      objectReference: {fileID: 0}
    - target: {fileID: 400000, guid: 6843d2f01c8c5ea4ea5382c02e7af57c, type: 3}
      propertyPath: m_RootOrder
      value: 3
      objectReference: {fileID: 0}
    - target: {fileID: 100000, guid: 6843d2f01c8c5ea4ea5382c02e7af57c, type: 3}
      propertyPath: m_Name
      value: CrossT (4)
      objectReference: {fileID: 0}
    - target: {fileID: 400000, guid: 6843d2f01c8c5ea4ea5382c02e7af57c, type: 3}
      propertyPath: m_LocalScale.y
      value: 1
      objectReference: {fileID: 0}
    - target: {fileID: 400000, guid: 6843d2f01c8c5ea4ea5382c02e7af57c, type: 3}
      propertyPath: m_LocalScale.z
      value: 1
      objectReference: {fileID: 0}
    m_RemovedComponents: []
  m_ParentPrefab: {fileID: 100100000, guid: 6843d2f01c8c5ea4ea5382c02e7af57c, type: 3}
  m_IsPrefabParent: 0
--- !u!4 &95159630 stripped
Transform:
  m_PrefabParentObject: {fileID: 400000, guid: 6843d2f01c8c5ea4ea5382c02e7af57c, type: 3}
  m_PrefabInternal: {fileID: 95159629}
--- !u!1001 &123175755
Prefab:
  m_ObjectHideFlags: 0
  serializedVersion: 2
  m_Modification:
    m_TransformParent: {fileID: 641845942}
    m_Modifications:
    - target: {fileID: 400000, guid: 78613a3680295b4419a1b2326caf113c, type: 3}
      propertyPath: m_LocalPosition.x
      value: -31.97219
      objectReference: {fileID: 0}
    - target: {fileID: 400000, guid: 78613a3680295b4419a1b2326caf113c, type: 3}
      propertyPath: m_LocalPosition.y
      value: 20.093878
      objectReference: {fileID: 0}
    - target: {fileID: 400000, guid: 78613a3680295b4419a1b2326caf113c, type: 3}
      propertyPath: m_LocalPosition.z
      value: -39.372364
      objectReference: {fileID: 0}
    - target: {fileID: 400000, guid: 78613a3680295b4419a1b2326caf113c, type: 3}
      propertyPath: m_LocalRotation.x
      value: -0
      objectReference: {fileID: 0}
    - target: {fileID: 400000, guid: 78613a3680295b4419a1b2326caf113c, type: 3}
      propertyPath: m_LocalRotation.y
      value: 0.7071068
      objectReference: {fileID: 0}
    - target: {fileID: 400000, guid: 78613a3680295b4419a1b2326caf113c, type: 3}
      propertyPath: m_LocalRotation.z
      value: 0.7071068
      objectReference: {fileID: 0}
    - target: {fileID: 400000, guid: 78613a3680295b4419a1b2326caf113c, type: 3}
      propertyPath: m_LocalRotation.w
      value: 0
      objectReference: {fileID: 0}
    - target: {fileID: 400000, guid: 78613a3680295b4419a1b2326caf113c, type: 3}
      propertyPath: m_RootOrder
      value: 7
      objectReference: {fileID: 0}
    - target: {fileID: 100000, guid: 78613a3680295b4419a1b2326caf113c, type: 3}
      propertyPath: m_Name
      value: Street1Lane30m (6)
      objectReference: {fileID: 0}
    - target: {fileID: 400000, guid: 78613a3680295b4419a1b2326caf113c, type: 3}
      propertyPath: m_LocalEulerAnglesHint.x
      value: -90.00001
      objectReference: {fileID: 0}
    - target: {fileID: 400000, guid: 78613a3680295b4419a1b2326caf113c, type: 3}
      propertyPath: m_LocalEulerAnglesHint.z
      value: 180
      objectReference: {fileID: 0}
    - target: {fileID: 400000, guid: 78613a3680295b4419a1b2326caf113c, type: 3}
      propertyPath: m_LocalScale.x
      value: 1
      objectReference: {fileID: 0}
    - target: {fileID: 400000, guid: 78613a3680295b4419a1b2326caf113c, type: 3}
      propertyPath: m_LocalScale.y
      value: 1
      objectReference: {fileID: 0}
    - target: {fileID: 400000, guid: 78613a3680295b4419a1b2326caf113c, type: 3}
      propertyPath: m_LocalScale.z
      value: 1
      objectReference: {fileID: 0}
    m_RemovedComponents: []
  m_ParentPrefab: {fileID: 100100000, guid: 78613a3680295b4419a1b2326caf113c, type: 3}
  m_IsPrefabParent: 0
--- !u!4 &123175756 stripped
Transform:
  m_PrefabParentObject: {fileID: 400000, guid: 78613a3680295b4419a1b2326caf113c, type: 3}
  m_PrefabInternal: {fileID: 123175755}
--- !u!1001 &173688809
Prefab:
  m_ObjectHideFlags: 0
  serializedVersion: 2
  m_Modification:
    m_TransformParent: {fileID: 641845942}
    m_Modifications:
    - target: {fileID: 400000, guid: 78613a3680295b4419a1b2326caf113c, type: 3}
      propertyPath: m_LocalPosition.x
      value: 58.027813
      objectReference: {fileID: 0}
    - target: {fileID: 400000, guid: 78613a3680295b4419a1b2326caf113c, type: 3}
      propertyPath: m_LocalPosition.y
      value: 20.093878
      objectReference: {fileID: 0}
    - target: {fileID: 400000, guid: 78613a3680295b4419a1b2326caf113c, type: 3}
      propertyPath: m_LocalPosition.z
      value: -39.370365
      objectReference: {fileID: 0}
    - target: {fileID: 400000, guid: 78613a3680295b4419a1b2326caf113c, type: 3}
      propertyPath: m_LocalRotation.x
      value: -0.7071068
      objectReference: {fileID: 0}
    - target: {fileID: 400000, guid: 78613a3680295b4419a1b2326caf113c, type: 3}
      propertyPath: m_LocalRotation.y
      value: -0
      objectReference: {fileID: 0}
    - target: {fileID: 400000, guid: 78613a3680295b4419a1b2326caf113c, type: 3}
      propertyPath: m_LocalRotation.z
      value: -0
      objectReference: {fileID: 0}
    - target: {fileID: 400000, guid: 78613a3680295b4419a1b2326caf113c, type: 3}
      propertyPath: m_LocalRotation.w
      value: 0.7071068
      objectReference: {fileID: 0}
    - target: {fileID: 400000, guid: 78613a3680295b4419a1b2326caf113c, type: 3}
      propertyPath: m_RootOrder
      value: 4
      objectReference: {fileID: 0}
    - target: {fileID: 100000, guid: 78613a3680295b4419a1b2326caf113c, type: 3}
      propertyPath: m_Name
      value: Street1Lane30m (5)
      objectReference: {fileID: 0}
    - target: {fileID: 400000, guid: 78613a3680295b4419a1b2326caf113c, type: 3}
      propertyPath: m_LocalScale.y
      value: 1
      objectReference: {fileID: 0}
    - target: {fileID: 400000, guid: 78613a3680295b4419a1b2326caf113c, type: 3}
      propertyPath: m_LocalScale.z
      value: 1
      objectReference: {fileID: 0}
    m_RemovedComponents: []
  m_ParentPrefab: {fileID: 100100000, guid: 78613a3680295b4419a1b2326caf113c, type: 3}
  m_IsPrefabParent: 0
--- !u!4 &173688810 stripped
Transform:
  m_PrefabParentObject: {fileID: 400000, guid: 78613a3680295b4419a1b2326caf113c, type: 3}
  m_PrefabInternal: {fileID: 173688809}
--- !u!1001 &221376789
Prefab:
  m_ObjectHideFlags: 0
  serializedVersion: 2
  m_Modification:
    m_TransformParent: {fileID: 641845942}
    m_Modifications:
    - target: {fileID: 400000, guid: 6843d2f01c8c5ea4ea5382c02e7af57c, type: 3}
      propertyPath: m_LocalPosition.x
      value: 58.027813
      objectReference: {fileID: 0}
    - target: {fileID: 400000, guid: 6843d2f01c8c5ea4ea5382c02e7af57c, type: 3}
      propertyPath: m_LocalPosition.y
      value: 20.093878
      objectReference: {fileID: 0}
    - target: {fileID: 400000, guid: 6843d2f01c8c5ea4ea5382c02e7af57c, type: 3}
      propertyPath: m_LocalPosition.z
      value: -9.372364
      objectReference: {fileID: 0}
    - target: {fileID: 400000, guid: 6843d2f01c8c5ea4ea5382c02e7af57c, type: 3}
      propertyPath: m_LocalRotation.x
      value: -0.7071068
      objectReference: {fileID: 0}
    - target: {fileID: 400000, guid: 6843d2f01c8c5ea4ea5382c02e7af57c, type: 3}
      propertyPath: m_LocalRotation.y
      value: -0
      objectReference: {fileID: 0}
    - target: {fileID: 400000, guid: 6843d2f01c8c5ea4ea5382c02e7af57c, type: 3}
      propertyPath: m_LocalRotation.z
      value: -0
      objectReference: {fileID: 0}
    - target: {fileID: 400000, guid: 6843d2f01c8c5ea4ea5382c02e7af57c, type: 3}
      propertyPath: m_LocalRotation.w
      value: 0.7071068
      objectReference: {fileID: 0}
    - target: {fileID: 400000, guid: 6843d2f01c8c5ea4ea5382c02e7af57c, type: 3}
      propertyPath: m_RootOrder
      value: 5
      objectReference: {fileID: 0}
    - target: {fileID: 100000, guid: 6843d2f01c8c5ea4ea5382c02e7af57c, type: 3}
      propertyPath: m_Name
      value: CrossT (5)
      objectReference: {fileID: 0}
    - target: {fileID: 400000, guid: 6843d2f01c8c5ea4ea5382c02e7af57c, type: 3}
      propertyPath: m_LocalScale.y
      value: 1
      objectReference: {fileID: 0}
    - target: {fileID: 400000, guid: 6843d2f01c8c5ea4ea5382c02e7af57c, type: 3}
      propertyPath: m_LocalScale.z
      value: 1
      objectReference: {fileID: 0}
    m_RemovedComponents: []
  m_ParentPrefab: {fileID: 100100000, guid: 6843d2f01c8c5ea4ea5382c02e7af57c, type: 3}
  m_IsPrefabParent: 0
--- !u!4 &221376790 stripped
Transform:
  m_PrefabParentObject: {fileID: 400000, guid: 6843d2f01c8c5ea4ea5382c02e7af57c, type: 3}
  m_PrefabInternal: {fileID: 221376789}
--- !u!1001 &490903951
Prefab:
  m_ObjectHideFlags: 0
  serializedVersion: 2
  m_Modification:
    m_TransformParent: {fileID: 0}
    m_Modifications:
    - target: {fileID: 4579041564858512, guid: 048494ddbb5f1c34dbe032094c193fcd, type: 2}
      propertyPath: m_LocalPosition.x
      value: 9
      objectReference: {fileID: 0}
    - target: {fileID: 4579041564858512, guid: 048494ddbb5f1c34dbe032094c193fcd, type: 2}
      propertyPath: m_LocalPosition.y
      value: 0
      objectReference: {fileID: 0}
    - target: {fileID: 4579041564858512, guid: 048494ddbb5f1c34dbe032094c193fcd, type: 2}
      propertyPath: m_LocalPosition.z
      value: 131.8
      objectReference: {fileID: 0}
    - target: {fileID: 4579041564858512, guid: 048494ddbb5f1c34dbe032094c193fcd, type: 2}
      propertyPath: m_LocalRotation.x
      value: 0
      objectReference: {fileID: 0}
    - target: {fileID: 4579041564858512, guid: 048494ddbb5f1c34dbe032094c193fcd, type: 2}
      propertyPath: m_LocalRotation.y
      value: 0.7071068
      objectReference: {fileID: 0}
    - target: {fileID: 4579041564858512, guid: 048494ddbb5f1c34dbe032094c193fcd, type: 2}
      propertyPath: m_LocalRotation.z
      value: 0
      objectReference: {fileID: 0}
    - target: {fileID: 4579041564858512, guid: 048494ddbb5f1c34dbe032094c193fcd, type: 2}
      propertyPath: m_LocalRotation.w
      value: 0.7071068
      objectReference: {fileID: 0}
    - target: {fileID: 4579041564858512, guid: 048494ddbb5f1c34dbe032094c193fcd, type: 2}
      propertyPath: m_RootOrder
      value: 11
      objectReference: {fileID: 0}
    - target: {fileID: 4579041564858512, guid: 048494ddbb5f1c34dbe032094c193fcd, type: 2}
      propertyPath: m_LocalEulerAnglesHint.y
      value: 90
      objectReference: {fileID: 0}
    - target: {fileID: 1884651849331144, guid: 048494ddbb5f1c34dbe032094c193fcd, type: 2}
      propertyPath: m_Name
      value: rus_build_5et_02a_low (1)
      objectReference: {fileID: 0}
    m_RemovedComponents: []
  m_ParentPrefab: {fileID: 100100000, guid: 048494ddbb5f1c34dbe032094c193fcd, type: 2}
  m_IsPrefabParent: 0
--- !u!1 &523616764
GameObject:
  m_ObjectHideFlags: 0
  m_PrefabParentObject: {fileID: 0}
  m_PrefabInternal: {fileID: 0}
  serializedVersion: 5
  m_Component:
  - component: {fileID: 523616768}
  - component: {fileID: 523616767}
  - component: {fileID: 523616766}
  - component: {fileID: 523616765}
  m_Layer: 0
  m_Name: Main Camera
  m_TagString: MainCamera
  m_Icon: {fileID: 0}
  m_NavMeshLayer: 0
  m_StaticEditorFlags: 0
  m_IsActive: 1
--- !u!81 &523616765
AudioListener:
  m_ObjectHideFlags: 0
  m_PrefabParentObject: {fileID: 0}
  m_PrefabInternal: {fileID: 0}
  m_GameObject: {fileID: 523616764}
  m_Enabled: 1
--- !u!124 &523616766
Behaviour:
  m_ObjectHideFlags: 0
  m_PrefabParentObject: {fileID: 0}
  m_PrefabInternal: {fileID: 0}
  m_GameObject: {fileID: 523616764}
  m_Enabled: 1
--- !u!20 &523616767
Camera:
  m_ObjectHideFlags: 0
  m_PrefabParentObject: {fileID: 0}
  m_PrefabInternal: {fileID: 0}
  m_GameObject: {fileID: 523616764}
  m_Enabled: 1
  serializedVersion: 2
  m_ClearFlags: 1
  m_BackGroundColor: {r: 0, g: 0, b: 0, a: 0}
  m_NormalizedViewPortRect:
    serializedVersion: 2
    x: 0
    y: 0
    width: 1
    height: 1
  near clip plane: 0.3
  far clip plane: 1000
  field of view: 60
  orthographic: 0
  orthographic size: 5
  m_Depth: -1
  m_CullingMask:
    serializedVersion: 2
    m_Bits: 4294967295
  m_RenderingPath: -1
  m_TargetTexture: {fileID: 0}
  m_TargetDisplay: 0
  m_TargetEye: 3
  m_HDR: 1
  m_AllowMSAA: 1
  m_AllowDynamicResolution: 0
  m_ForceIntoRT: 0
  m_OcclusionCulling: 1
  m_StereoConvergence: 10
  m_StereoSeparation: 0.022
--- !u!4 &523616768
Transform:
  m_ObjectHideFlags: 0
  m_PrefabParentObject: {fileID: 0}
  m_PrefabInternal: {fileID: 0}
  m_GameObject: {fileID: 523616764}
  m_LocalRotation: {x: -0.16026996, y: 0.1298704, z: -0.16741492, w: -0.96406406}
  m_LocalPosition: {x: 17.6, y: 74.3, z: 28.5}
  m_LocalScale: {x: 1, y: 1, z: 1}
  m_Children: []
  m_Father: {fileID: 0}
  m_RootOrder: 0
  m_LocalEulerAnglesHint: {x: 20.641, y: 347.864, z: 17.485}
--- !u!1001 &569688849
Prefab:
  m_ObjectHideFlags: 0
  serializedVersion: 2
  m_Modification:
    m_TransformParent: {fileID: 641845942}
    m_Modifications:
    - target: {fileID: 400000, guid: 78613a3680295b4419a1b2326caf113c, type: 3}
      propertyPath: m_LocalPosition.x
      value: -31.97219
      objectReference: {fileID: 0}
    - target: {fileID: 400000, guid: 78613a3680295b4419a1b2326caf113c, type: 3}
      propertyPath: m_LocalPosition.y
      value: 20.093878
      objectReference: {fileID: 0}
    - target: {fileID: 400000, guid: 78613a3680295b4419a1b2326caf113c, type: 3}
      propertyPath: m_LocalPosition.z
      value: -69.37237
      objectReference: {fileID: 0}
    - target: {fileID: 400000, guid: 78613a3680295b4419a1b2326caf113c, type: 3}
      propertyPath: m_LocalRotation.x
      value: -0
      objectReference: {fileID: 0}
    - target: {fileID: 400000, guid: 78613a3680295b4419a1b2326caf113c, type: 3}
      propertyPath: m_LocalRotation.y
      value: 0.7071068
      objectReference: {fileID: 0}
    - target: {fileID: 400000, guid: 78613a3680295b4419a1b2326caf113c, type: 3}
      propertyPath: m_LocalRotation.z
      value: 0.7071068
      objectReference: {fileID: 0}
    - target: {fileID: 400000, guid: 78613a3680295b4419a1b2326caf113c, type: 3}
      propertyPath: m_LocalRotation.w
      value: 0
      objectReference: {fileID: 0}
    - target: {fileID: 400000, guid: 78613a3680295b4419a1b2326caf113c, type: 3}
      propertyPath: m_RootOrder
      value: 9
      objectReference: {fileID: 0}
    - target: {fileID: 100000, guid: 78613a3680295b4419a1b2326caf113c, type: 3}
      propertyPath: m_Name
      value: Street1Lane30m (7)
      objectReference: {fileID: 0}
    - target: {fileID: 400000, guid: 78613a3680295b4419a1b2326caf113c, type: 3}
      propertyPath: m_LocalEulerAnglesHint.x
      value: -90.00001
      objectReference: {fileID: 0}
    - target: {fileID: 400000, guid: 78613a3680295b4419a1b2326caf113c, type: 3}
      propertyPath: m_LocalEulerAnglesHint.z
      value: 180
      objectReference: {fileID: 0}
    - target: {fileID: 400000, guid: 78613a3680295b4419a1b2326caf113c, type: 3}
      propertyPath: m_LocalScale.x
      value: 1
      objectReference: {fileID: 0}
    - target: {fileID: 400000, guid: 78613a3680295b4419a1b2326caf113c, type: 3}
      propertyPath: m_LocalScale.y
      value: 1
      objectReference: {fileID: 0}
    - target: {fileID: 400000, guid: 78613a3680295b4419a1b2326caf113c, type: 3}
      propertyPath: m_LocalScale.z
      value: 1
      objectReference: {fileID: 0}
    m_RemovedComponents: []
  m_ParentPrefab: {fileID: 100100000, guid: 78613a3680295b4419a1b2326caf113c, type: 3}
  m_IsPrefabParent: 0
--- !u!4 &569688850 stripped
Transform:
  m_PrefabParentObject: {fileID: 400000, guid: 78613a3680295b4419a1b2326caf113c, type: 3}
  m_PrefabInternal: {fileID: 569688849}
--- !u!1 &641845941
GameObject:
  m_ObjectHideFlags: 0
  m_PrefabParentObject: {fileID: 0}
  m_PrefabInternal: {fileID: 0}
  serializedVersion: 5
  m_Component:
  - component: {fileID: 641845942}
  m_Layer: 0
  m_Name: Bloc 1
  m_TagString: Untagged
  m_Icon: {fileID: 0}
  m_NavMeshLayer: 0
  m_StaticEditorFlags: 0
  m_IsActive: 1
--- !u!4 &641845942
Transform:
  m_ObjectHideFlags: 0
  m_PrefabParentObject: {fileID: 0}
  m_PrefabInternal: {fileID: 0}
  m_GameObject: {fileID: 641845941}
  m_LocalRotation: {x: -0, y: -0, z: -0, w: 1}
  m_LocalPosition: {x: 0, y: 0, z: 0}
  m_LocalScale: {x: 1, y: 1, z: 1}
  m_Children:
  - {fileID: 1021404400}
  - {fileID: 1046119273}
  - {fileID: 1483805068}
  - {fileID: 95159630}
  - {fileID: 173688810}
  - {fileID: 221376790}
  - {fileID: 123175756}
  - {fileID: 1945080534}
  - {fileID: 569688850}
  - {fileID: 1688063531}
  m_Father: {fileID: 1804893363}
  m_RootOrder: 0
  m_LocalEulerAnglesHint: {x: 0, y: 0, z: 0}
--- !u!1001 &925909135
Prefab:
  m_ObjectHideFlags: 0
  serializedVersion: 2
  m_Modification:
    m_TransformParent: {fileID: 0}
    m_Modifications:
    - target: {fileID: 4953259531083376, guid: 070cc07c3cab2024f80f88b07b4736c6, type: 2}
      propertyPath: m_LocalPosition.x
      value: 18.229776
      objectReference: {fileID: 0}
    - target: {fileID: 4953259531083376, guid: 070cc07c3cab2024f80f88b07b4736c6, type: 2}
      propertyPath: m_LocalPosition.y
      value: 47.12664
      objectReference: {fileID: 0}
    - target: {fileID: 4953259531083376, guid: 070cc07c3cab2024f80f88b07b4736c6, type: 2}
      propertyPath: m_LocalPosition.z
      value: 71.08362
      objectReference: {fileID: 0}
    - target: {fileID: 4953259531083376, guid: 070cc07c3cab2024f80f88b07b4736c6, type: 2}
      propertyPath: m_LocalRotation.x
      value: 0
      objectReference: {fileID: 0}
    - target: {fileID: 4953259531083376, guid: 070cc07c3cab2024f80f88b07b4736c6, type: 2}
      propertyPath: m_LocalRotation.y
      value: 0
      objectReference: {fileID: 0}
    - target: {fileID: 4953259531083376, guid: 070cc07c3cab2024f80f88b07b4736c6, type: 2}
      propertyPath: m_LocalRotation.z
      value: 0
      objectReference: {fileID: 0}
    - target: {fileID: 4953259531083376, guid: 070cc07c3cab2024f80f88b07b4736c6, type: 2}
      propertyPath: m_LocalRotation.w
      value: 1
      objectReference: {fileID: 0}
    - target: {fileID: 4953259531083376, guid: 070cc07c3cab2024f80f88b07b4736c6, type: 2}
      propertyPath: m_RootOrder
      value: 12
      objectReference: {fileID: 0}
    m_RemovedComponents: []
  m_ParentPrefab: {fileID: 100100000, guid: 070cc07c3cab2024f80f88b07b4736c6, type: 2}
  m_IsPrefabParent: 0
--- !u!1001 &1021404399
Prefab:
  m_ObjectHideFlags: 0
  serializedVersion: 2
  m_Modification:
    m_TransformParent: {fileID: 641845942}
    m_Modifications:
    - target: {fileID: 400000, guid: 7691e177246be4f468d15ba2d2b84bd9, type: 3}
      propertyPath: m_LocalPosition.x
      value: 13.027813
      objectReference: {fileID: 0}
    - target: {fileID: 400000, guid: 7691e177246be4f468d15ba2d2b84bd9, type: 3}
      propertyPath: m_LocalPosition.y
      value: 20.093878
      objectReference: {fileID: 0}
    - target: {fileID: 400000, guid: 7691e177246be4f468d15ba2d2b84bd9, type: 3}
      propertyPath: m_LocalPosition.z
      value: -9.372364
      objectReference: {fileID: 0}
    - target: {fileID: 400000, guid: 7691e177246be4f468d15ba2d2b84bd9, type: 3}
      propertyPath: m_LocalRotation.x
      value: -0.5
      objectReference: {fileID: 0}
    - target: {fileID: 400000, guid: 7691e177246be4f468d15ba2d2b84bd9, type: 3}
      propertyPath: m_LocalRotation.y
      value: 0.5
      objectReference: {fileID: 0}
    - target: {fileID: 400000, guid: 7691e177246be4f468d15ba2d2b84bd9, type: 3}
      propertyPath: m_LocalRotation.z
      value: 0.5
      objectReference: {fileID: 0}
    - target: {fileID: 400000, guid: 7691e177246be4f468d15ba2d2b84bd9, type: 3}
      propertyPath: m_LocalRotation.w
      value: 0.5
      objectReference: {fileID: 0}
    - target: {fileID: 400000, guid: 7691e177246be4f468d15ba2d2b84bd9, type: 3}
      propertyPath: m_RootOrder
      value: 0
      objectReference: {fileID: 0}
    - target: {fileID: 400000, guid: 7691e177246be4f468d15ba2d2b84bd9, type: 3}
      propertyPath: m_LocalEulerAnglesHint.x
      value: -90.00001
      objectReference: {fileID: 0}
    - target: {fileID: 400000, guid: 7691e177246be4f468d15ba2d2b84bd9, type: 3}
      propertyPath: m_LocalEulerAnglesHint.z
      value: 90
      objectReference: {fileID: 0}
    - target: {fileID: 100000, guid: 7691e177246be4f468d15ba2d2b84bd9, type: 3}
      propertyPath: m_Name
      value: Street1Lane60m (2)
      objectReference: {fileID: 0}
    m_RemovedComponents: []
  m_ParentPrefab: {fileID: 100100000, guid: 7691e177246be4f468d15ba2d2b84bd9, type: 3}
  m_IsPrefabParent: 0
--- !u!4 &1021404400 stripped
Transform:
  m_PrefabParentObject: {fileID: 400000, guid: 7691e177246be4f468d15ba2d2b84bd9, type: 3}
  m_PrefabInternal: {fileID: 1021404399}
--- !u!1001 &1046119272
Prefab:
  m_ObjectHideFlags: 0
  serializedVersion: 2
  m_Modification:
    m_TransformParent: {fileID: 641845942}
    m_Modifications:
    - target: {fileID: 400000, guid: 78613a3680295b4419a1b2326caf113c, type: 3}
      propertyPath: m_LocalPosition.x
      value: 58.027813
      objectReference: {fileID: 0}
    - target: {fileID: 400000, guid: 78613a3680295b4419a1b2326caf113c, type: 3}
      propertyPath: m_LocalPosition.y
      value: 20.093878
      objectReference: {fileID: 0}
    - target: {fileID: 400000, guid: 78613a3680295b4419a1b2326caf113c, type: 3}
      propertyPath: m_LocalPosition.z
      value: -69.37037
      objectReference: {fileID: 0}
    - target: {fileID: 400000, guid: 78613a3680295b4419a1b2326caf113c, type: 3}
      propertyPath: m_LocalRotation.x
      value: -0.7071068
      objectReference: {fileID: 0}
    - target: {fileID: 400000, guid: 78613a3680295b4419a1b2326caf113c, type: 3}
      propertyPath: m_LocalRotation.y
      value: -0
      objectReference: {fileID: 0}
    - target: {fileID: 400000, guid: 78613a3680295b4419a1b2326caf113c, type: 3}
      propertyPath: m_LocalRotation.z
      value: -0
      objectReference: {fileID: 0}
    - target: {fileID: 400000, guid: 78613a3680295b4419a1b2326caf113c, type: 3}
      propertyPath: m_LocalRotation.w
      value: 0.7071068
      objectReference: {fileID: 0}
    - target: {fileID: 400000, guid: 78613a3680295b4419a1b2326caf113c, type: 3}
      propertyPath: m_RootOrder
      value: 1
      objectReference: {fileID: 0}
    - target: {fileID: 100000, guid: 78613a3680295b4419a1b2326caf113c, type: 3}
      propertyPath: m_Name
      value: Street1Lane30m (4)
      objectReference: {fileID: 0}
    - target: {fileID: 400000, guid: 78613a3680295b4419a1b2326caf113c, type: 3}
      propertyPath: m_LocalScale.y
      value: 1
      objectReference: {fileID: 0}
    - target: {fileID: 400000, guid: 78613a3680295b4419a1b2326caf113c, type: 3}
      propertyPath: m_LocalScale.z
      value: 1
      objectReference: {fileID: 0}
    m_RemovedComponents: []
  m_ParentPrefab: {fileID: 100100000, guid: 78613a3680295b4419a1b2326caf113c, type: 3}
  m_IsPrefabParent: 0
--- !u!4 &1046119273 stripped
Transform:
  m_PrefabParentObject: {fileID: 400000, guid: 78613a3680295b4419a1b2326caf113c, type: 3}
  m_PrefabInternal: {fileID: 1046119272}
--- !u!1001 &1157629317
Prefab:
  m_ObjectHideFlags: 0
  serializedVersion: 2
  m_Modification:
    m_TransformParent: {fileID: 1550170932}
    m_Modifications:
    - target: {fileID: 400000, guid: 6843d2f01c8c5ea4ea5382c02e7af57c, type: 3}
      propertyPath: m_LocalPosition.x
      value: 58.027813
      objectReference: {fileID: 0}
    - target: {fileID: 400000, guid: 6843d2f01c8c5ea4ea5382c02e7af57c, type: 3}
      propertyPath: m_LocalPosition.y
      value: 20.093878
      objectReference: {fileID: 0}
    - target: {fileID: 400000, guid: 6843d2f01c8c5ea4ea5382c02e7af57c, type: 3}
      propertyPath: m_LocalPosition.z
      value: 20.62764
      objectReference: {fileID: 0}
    - target: {fileID: 400000, guid: 6843d2f01c8c5ea4ea5382c02e7af57c, type: 3}
      propertyPath: m_LocalRotation.x
      value: -0.7071068
      objectReference: {fileID: 0}
    - target: {fileID: 400000, guid: 6843d2f01c8c5ea4ea5382c02e7af57c, type: 3}
      propertyPath: m_LocalRotation.y
      value: -0
      objectReference: {fileID: 0}
    - target: {fileID: 400000, guid: 6843d2f01c8c5ea4ea5382c02e7af57c, type: 3}
      propertyPath: m_LocalRotation.z
      value: -0
      objectReference: {fileID: 0}
    - target: {fileID: 400000, guid: 6843d2f01c8c5ea4ea5382c02e7af57c, type: 3}
      propertyPath: m_LocalRotation.w
      value: 0.7071068
      objectReference: {fileID: 0}
    - target: {fileID: 400000, guid: 6843d2f01c8c5ea4ea5382c02e7af57c, type: 3}
      propertyPath: m_RootOrder
      value: 2
      objectReference: {fileID: 0}
    - target: {fileID: 400000, guid: 6843d2f01c8c5ea4ea5382c02e7af57c, type: 3}
      propertyPath: m_LocalScale.y
      value: 1
      objectReference: {fileID: 0}
    - target: {fileID: 400000, guid: 6843d2f01c8c5ea4ea5382c02e7af57c, type: 3}
      propertyPath: m_LocalScale.z
      value: 1
      objectReference: {fileID: 0}
    m_RemovedComponents: []
  m_ParentPrefab: {fileID: 100100000, guid: 6843d2f01c8c5ea4ea5382c02e7af57c, type: 3}
  m_IsPrefabParent: 0
--- !u!4 &1157629318 stripped
Transform:
  m_PrefabParentObject: {fileID: 400000, guid: 6843d2f01c8c5ea4ea5382c02e7af57c, type: 3}
  m_PrefabInternal: {fileID: 1157629317}
--- !u!1001 &1457551383
Prefab:
  m_ObjectHideFlags: 0
  serializedVersion: 2
  m_Modification:
    m_TransformParent: {fileID: 0}
    m_Modifications:
    - target: {fileID: 4579041564858512, guid: 048494ddbb5f1c34dbe032094c193fcd, type: 2}
      propertyPath: m_LocalPosition.x
      value: -9.2
      objectReference: {fileID: 0}
    - target: {fileID: 4579041564858512, guid: 048494ddbb5f1c34dbe032094c193fcd, type: 2}
      propertyPath: m_LocalPosition.y
      value: 0
      objectReference: {fileID: 0}
    - target: {fileID: 4579041564858512, guid: 048494ddbb5f1c34dbe032094c193fcd, type: 2}
      propertyPath: m_LocalPosition.z
      value: 131.8
      objectReference: {fileID: 0}
    - target: {fileID: 4579041564858512, guid: 048494ddbb5f1c34dbe032094c193fcd, type: 2}
      propertyPath: m_LocalRotation.x
      value: 0
      objectReference: {fileID: 0}
    - target: {fileID: 4579041564858512, guid: 048494ddbb5f1c34dbe032094c193fcd, type: 2}
      propertyPath: m_LocalRotation.y
      value: 0.7071068
      objectReference: {fileID: 0}
    - target: {fileID: 4579041564858512, guid: 048494ddbb5f1c34dbe032094c193fcd, type: 2}
      propertyPath: m_LocalRotation.z
      value: 0
      objectReference: {fileID: 0}
    - target: {fileID: 4579041564858512, guid: 048494ddbb5f1c34dbe032094c193fcd, type: 2}
      propertyPath: m_LocalRotation.w
      value: 0.7071068
      objectReference: {fileID: 0}
    - target: {fileID: 4579041564858512, guid: 048494ddbb5f1c34dbe032094c193fcd, type: 2}
      propertyPath: m_RootOrder
      value: 4
      objectReference: {fileID: 0}
    - target: {fileID: 4579041564858512, guid: 048494ddbb5f1c34dbe032094c193fcd, type: 2}
      propertyPath: m_LocalEulerAnglesHint.y
      value: 90
      objectReference: {fileID: 0}
    m_RemovedComponents: []
  m_ParentPrefab: {fileID: 100100000, guid: 048494ddbb5f1c34dbe032094c193fcd, type: 2}
  m_IsPrefabParent: 0
--- !u!1 &1483805067
GameObject:
  m_ObjectHideFlags: 0
  m_PrefabParentObject: {fileID: 0}
  m_PrefabInternal: {fileID: 0}
  serializedVersion: 5
  m_Component:
  - component: {fileID: 1483805068}
  - component: {fileID: 1483805069}
  m_Layer: 0
  m_Name: Directional Light (1)
  m_TagString: Untagged
  m_Icon: {fileID: 0}
  m_NavMeshLayer: 0
  m_StaticEditorFlags: 0
  m_IsActive: 1
--- !u!4 &1483805068
Transform:
  m_ObjectHideFlags: 0
  m_PrefabParentObject: {fileID: 0}
  m_PrefabInternal: {fileID: 0}
  m_GameObject: {fileID: 1483805067}
  m_LocalRotation: {x: 0.40821788, y: -0.23456968, z: 0.10938163, w: 0.8754261}
  m_LocalPosition: {x: 47.229813, y: 23.478088, z: -128.77237}
  m_LocalScale: {x: 1, y: 1, z: 1}
  m_Children: []
  m_Father: {fileID: 641845942}
  m_RootOrder: 2
  m_LocalEulerAnglesHint: {x: 50, y: -30, z: 0}
--- !u!108 &1483805069
Light:
  m_ObjectHideFlags: 0
  m_PrefabParentObject: {fileID: 0}
  m_PrefabInternal: {fileID: 0}
  m_GameObject: {fileID: 1483805067}
  m_Enabled: 1
  serializedVersion: 8
  m_Type: 1
  m_Color: {r: 1, g: 0.95686275, b: 0.8392157, a: 1}
  m_Intensity: 1
  m_Range: 10
  m_SpotAngle: 30
  m_CookieSize: 10
  m_Shadows:
    m_Type: 2
    m_Resolution: -1
    m_CustomResolution: -1
    m_Strength: 1
    m_Bias: 0.05
    m_NormalBias: 0.4
    m_NearPlane: 0.2
  m_Cookie: {fileID: 0}
  m_DrawHalo: 0
  m_Flare: {fileID: 0}
  m_RenderMode: 0
  m_CullingMask:
    serializedVersion: 2
    m_Bits: 4294967295
  m_Lightmapping: 4
  m_AreaSize: {x: 1, y: 1}
  m_BounceIntensity: 1
  m_ColorTemperature: 6570
  m_UseColorTemperature: 0
  m_ShadowRadius: 0
  m_ShadowAngle: 0
--- !u!1 &1550170931
GameObject:
  m_ObjectHideFlags: 0
  m_PrefabParentObject: {fileID: 0}
  m_PrefabInternal: {fileID: 0}
  serializedVersion: 5
  m_Component:
  - component: {fileID: 1550170932}
  m_Layer: 0
  m_Name: Bloc 2
  m_TagString: Untagged
  m_Icon: {fileID: 0}
  m_NavMeshLayer: 0
  m_StaticEditorFlags: 0
  m_IsActive: 1
--- !u!4 &1550170932
Transform:
  m_ObjectHideFlags: 0
  m_PrefabParentObject: {fileID: 0}
  m_PrefabInternal: {fileID: 0}
  m_GameObject: {fileID: 1550170931}
  m_LocalRotation: {x: -0, y: -0, z: -0, w: 1}
  m_LocalPosition: {x: 0, y: 0, z: 0}
  m_LocalScale: {x: 1, y: 1, z: 1}
  m_Children:
  - {fileID: 1157629318}
  - {fileID: 1722063243}
  - {fileID: 1748016785}
  m_Father: {fileID: 1804893363}
  m_RootOrder: 1
  m_LocalEulerAnglesHint: {x: 0, y: 0, z: 0}
--- !u!1001 &1675718268
Prefab:
  m_ObjectHideFlags: 0
  serializedVersion: 2
  m_Modification:
    m_TransformParent: {fileID: 0}
    m_Modifications:
    - target: {fileID: 4344103315331142, guid: a23dbbdd521b5e341844b245d7bfc874, type: 2}
      propertyPath: m_LocalPosition.x
      value: -41.8
      objectReference: {fileID: 0}
    - target: {fileID: 4344103315331142, guid: a23dbbdd521b5e341844b245d7bfc874, type: 2}
      propertyPath: m_LocalPosition.y
      value: 0
      objectReference: {fileID: 0}
    - target: {fileID: 4344103315331142, guid: a23dbbdd521b5e341844b245d7bfc874, type: 2}
      propertyPath: m_LocalPosition.z
      value: -20.8
      objectReference: {fileID: 0}
    - target: {fileID: 4344103315331142, guid: a23dbbdd521b5e341844b245d7bfc874, type: 2}
      propertyPath: m_LocalRotation.x
      value: 0
      objectReference: {fileID: 0}
    - target: {fileID: 4344103315331142, guid: a23dbbdd521b5e341844b245d7bfc874, type: 2}
      propertyPath: m_LocalRotation.y
      value: 0
      objectReference: {fileID: 0}
    - target: {fileID: 4344103315331142, guid: a23dbbdd521b5e341844b245d7bfc874, type: 2}
      propertyPath: m_LocalRotation.z
      value: 0
      objectReference: {fileID: 0}
    - target: {fileID: 4344103315331142, guid: a23dbbdd521b5e341844b245d7bfc874, type: 2}
      propertyPath: m_LocalRotation.w
      value: 1
      objectReference: {fileID: 0}
    - target: {fileID: 4344103315331142, guid: a23dbbdd521b5e341844b245d7bfc874, type: 2}
      propertyPath: m_RootOrder
      value: 3
      objectReference: {fileID: 0}
    m_RemovedComponents: []
  m_ParentPrefab: {fileID: 100100000, guid: a23dbbdd521b5e341844b245d7bfc874, type: 2}
  m_IsPrefabParent: 0
--- !u!1001 &1683753365
Prefab:
  m_ObjectHideFlags: 0
  serializedVersion: 2
  m_Modification:
    m_TransformParent: {fileID: 0}
    m_Modifications:
    - target: {fileID: 400000, guid: 7e92c2f1802b28d49b5201eb62230746, type: 3}
      propertyPath: m_LocalPosition.x
      value: -4.1189
      objectReference: {fileID: 0}
    - target: {fileID: 400000, guid: 7e92c2f1802b28d49b5201eb62230746, type: 3}
      propertyPath: m_LocalPosition.y
      value: -0.38422
      objectReference: {fileID: 0}
    - target: {fileID: 400000, guid: 7e92c2f1802b28d49b5201eb62230746, type: 3}
      propertyPath: m_LocalPosition.z
      value: -141.61
      objectReference: {fileID: 0}
    - target: {fileID: 400000, guid: 7e92c2f1802b28d49b5201eb62230746, type: 3}
      propertyPath: m_LocalRotation.x
      value: -0.6532815
      objectReference: {fileID: 0}
    - target: {fileID: 400000, guid: 7e92c2f1802b28d49b5201eb62230746, type: 3}
      propertyPath: m_LocalRotation.y
      value: 0.27059805
      objectReference: {fileID: 0}
    - target: {fileID: 400000, guid: 7e92c2f1802b28d49b5201eb62230746, type: 3}
      propertyPath: m_LocalRotation.z
      value: 0.27059805
      objectReference: {fileID: 0}
    - target: {fileID: 400000, guid: 7e92c2f1802b28d49b5201eb62230746, type: 3}
      propertyPath: m_LocalRotation.w
      value: 0.6532815
      objectReference: {fileID: 0}
    - target: {fileID: 400000, guid: 7e92c2f1802b28d49b5201eb62230746, type: 3}
      propertyPath: m_RootOrder
      value: 7
      objectReference: {fileID: 0}
    - target: {fileID: 400000, guid: 7e92c2f1802b28d49b5201eb62230746, type: 3}
      propertyPath: m_LocalEulerAnglesHint.x
      value: -90.00001
      objectReference: {fileID: 0}
    - target: {fileID: 400000, guid: 7e92c2f1802b28d49b5201eb62230746, type: 3}
      propertyPath: m_LocalEulerAnglesHint.z
      value: 45
      objectReference: {fileID: 0}
    m_RemovedComponents: []
  m_ParentPrefab: {fileID: 100100000, guid: 7e92c2f1802b28d49b5201eb62230746, type: 3}
  m_IsPrefabParent: 0
--- !u!1001 &1688063530
Prefab:
  m_ObjectHideFlags: 0
  serializedVersion: 2
  m_Modification:
    m_TransformParent: {fileID: 641845942}
    m_Modifications:
    - target: {fileID: 400000, guid: 6843d2f01c8c5ea4ea5382c02e7af57c, type: 3}
      propertyPath: m_LocalPosition.x
      value: -41.972
      objectReference: {fileID: 0}
    - target: {fileID: 400000, guid: 6843d2f01c8c5ea4ea5382c02e7af57c, type: 3}
      propertyPath: m_LocalPosition.y
      value: 20.094
      objectReference: {fileID: 0}
    - target: {fileID: 400000, guid: 6843d2f01c8c5ea4ea5382c02e7af57c, type: 3}
      propertyPath: m_LocalPosition.z
      value: -99.37
      objectReference: {fileID: 0}
    - target: {fileID: 400000, guid: 6843d2f01c8c5ea4ea5382c02e7af57c, type: 3}
      propertyPath: m_LocalRotation.x
      value: -0
      objectReference: {fileID: 0}
    - target: {fileID: 400000, guid: 6843d2f01c8c5ea4ea5382c02e7af57c, type: 3}
      propertyPath: m_LocalRotation.y
      value: 0.7071068
      objectReference: {fileID: 0}
    - target: {fileID: 400000, guid: 6843d2f01c8c5ea4ea5382c02e7af57c, type: 3}
      propertyPath: m_LocalRotation.z
      value: 0.7071068
      objectReference: {fileID: 0}
    - target: {fileID: 400000, guid: 6843d2f01c8c5ea4ea5382c02e7af57c, type: 3}
      propertyPath: m_LocalRotation.w
      value: 0
      objectReference: {fileID: 0}
    - target: {fileID: 400000, guid: 6843d2f01c8c5ea4ea5382c02e7af57c, type: 3}
      propertyPath: m_RootOrder
      value: 9
      objectReference: {fileID: 0}
    - target: {fileID: 100000, guid: 6843d2f01c8c5ea4ea5382c02e7af57c, type: 3}
      propertyPath: m_Name
      value: CrossT (7)
      objectReference: {fileID: 0}
    - target: {fileID: 400000, guid: 6843d2f01c8c5ea4ea5382c02e7af57c, type: 3}
      propertyPath: m_LocalEulerAnglesHint.x
      value: -90.00001
      objectReference: {fileID: 0}
    - target: {fileID: 400000, guid: 6843d2f01c8c5ea4ea5382c02e7af57c, type: 3}
      propertyPath: m_LocalEulerAnglesHint.z
      value: 180
      objectReference: {fileID: 0}
    - target: {fileID: 400000, guid: 6843d2f01c8c5ea4ea5382c02e7af57c, type: 3}
      propertyPath: m_LocalScale.x
      value: 1.000001
      objectReference: {fileID: 0}
    - target: {fileID: 400000, guid: 6843d2f01c8c5ea4ea5382c02e7af57c, type: 3}
      propertyPath: m_LocalScale.y
      value: 1.0000005
      objectReference: {fileID: 0}
    - target: {fileID: 400000, guid: 6843d2f01c8c5ea4ea5382c02e7af57c, type: 3}
      propertyPath: m_LocalScale.z
      value: 1.0000005
      objectReference: {fileID: 0}
    m_RemovedComponents: []
  m_ParentPrefab: {fileID: 100100000, guid: 6843d2f01c8c5ea4ea5382c02e7af57c, type: 3}
  m_IsPrefabParent: 0
--- !u!4 &1688063531 stripped
Transform:
  m_PrefabParentObject: {fileID: 400000, guid: 6843d2f01c8c5ea4ea5382c02e7af57c, type: 3}
  m_PrefabInternal: {fileID: 1688063530}
--- !u!1001 &1722063242
Prefab:
  m_ObjectHideFlags: 0
  serializedVersion: 2
  m_Modification:
    m_TransformParent: {fileID: 1550170932}
    m_Modifications:
    - target: {fileID: 400000, guid: 7691e177246be4f468d15ba2d2b84bd9, type: 3}
      propertyPath: m_LocalPosition.x
      value: 13.027813
      objectReference: {fileID: 0}
    - target: {fileID: 400000, guid: 7691e177246be4f468d15ba2d2b84bd9, type: 3}
      propertyPath: m_LocalPosition.y
      value: 20.093878
      objectReference: {fileID: 0}
    - target: {fileID: 400000, guid: 7691e177246be4f468d15ba2d2b84bd9, type: 3}
      propertyPath: m_LocalPosition.z
      value: 20.62764
      objectReference: {fileID: 0}
    - target: {fileID: 400000, guid: 7691e177246be4f468d15ba2d2b84bd9, type: 3}
      propertyPath: m_LocalRotation.x
      value: -0.5
      objectReference: {fileID: 0}
    - target: {fileID: 400000, guid: 7691e177246be4f468d15ba2d2b84bd9, type: 3}
      propertyPath: m_LocalRotation.y
      value: 0.5
      objectReference: {fileID: 0}
    - target: {fileID: 400000, guid: 7691e177246be4f468d15ba2d2b84bd9, type: 3}
      propertyPath: m_LocalRotation.z
      value: 0.5
      objectReference: {fileID: 0}
    - target: {fileID: 400000, guid: 7691e177246be4f468d15ba2d2b84bd9, type: 3}
      propertyPath: m_LocalRotation.w
      value: 0.5
      objectReference: {fileID: 0}
    - target: {fileID: 400000, guid: 7691e177246be4f468d15ba2d2b84bd9, type: 3}
      propertyPath: m_RootOrder
      value: 5
      objectReference: {fileID: 0}
    - target: {fileID: 400000, guid: 7691e177246be4f468d15ba2d2b84bd9, type: 3}
      propertyPath: m_LocalEulerAnglesHint.x
      value: -90.00001
      objectReference: {fileID: 0}
    - target: {fileID: 400000, guid: 7691e177246be4f468d15ba2d2b84bd9, type: 3}
      propertyPath: m_LocalEulerAnglesHint.z
      value: 90
      objectReference: {fileID: 0}
    - target: {fileID: 100000, guid: 7691e177246be4f468d15ba2d2b84bd9, type: 3}
      propertyPath: m_Name
      value: Street1Lane60m (1)
      objectReference: {fileID: 0}
    m_RemovedComponents: []
  m_ParentPrefab: {fileID: 100100000, guid: 7691e177246be4f468d15ba2d2b84bd9, type: 3}
  m_IsPrefabParent: 0
--- !u!4 &1722063243 stripped
Transform:
  m_PrefabParentObject: {fileID: 400000, guid: 7691e177246be4f468d15ba2d2b84bd9, type: 3}
  m_PrefabInternal: {fileID: 1722063242}
--- !u!1001 &1748016784
Prefab:
  m_ObjectHideFlags: 0
  serializedVersion: 2
  m_Modification:
    m_TransformParent: {fileID: 1550170932}
    m_Modifications:
    - target: {fileID: 400000, guid: 6843d2f01c8c5ea4ea5382c02e7af57c, type: 3}
      propertyPath: m_LocalPosition.x
      value: -31.97219
      objectReference: {fileID: 0}
    - target: {fileID: 400000, guid: 6843d2f01c8c5ea4ea5382c02e7af57c, type: 3}
      propertyPath: m_LocalPosition.y
      value: 20.093878
      objectReference: {fileID: 0}
    - target: {fileID: 400000, guid: 6843d2f01c8c5ea4ea5382c02e7af57c, type: 3}
      propertyPath: m_LocalPosition.z
      value: 20.62764
      objectReference: {fileID: 0}
    - target: {fileID: 400000, guid: 6843d2f01c8c5ea4ea5382c02e7af57c, type: 3}
      propertyPath: m_LocalRotation.x
      value: -0
      objectReference: {fileID: 0}
    - target: {fileID: 400000, guid: 6843d2f01c8c5ea4ea5382c02e7af57c, type: 3}
      propertyPath: m_LocalRotation.y
      value: 0.7071068
      objectReference: {fileID: 0}
    - target: {fileID: 400000, guid: 6843d2f01c8c5ea4ea5382c02e7af57c, type: 3}
      propertyPath: m_LocalRotation.z
      value: 0.7071068
      objectReference: {fileID: 0}
    - target: {fileID: 400000, guid: 6843d2f01c8c5ea4ea5382c02e7af57c, type: 3}
      propertyPath: m_LocalRotation.w
      value: 0
      objectReference: {fileID: 0}
    - target: {fileID: 400000, guid: 6843d2f01c8c5ea4ea5382c02e7af57c, type: 3}
      propertyPath: m_RootOrder
      value: 9
      objectReference: {fileID: 0}
    - target: {fileID: 100000, guid: 6843d2f01c8c5ea4ea5382c02e7af57c, type: 3}
      propertyPath: m_Name
      value: CrossT (3)
      objectReference: {fileID: 0}
    - target: {fileID: 400000, guid: 6843d2f01c8c5ea4ea5382c02e7af57c, type: 3}
      propertyPath: m_LocalEulerAnglesHint.x
      value: -90.00001
      objectReference: {fileID: 0}
    - target: {fileID: 400000, guid: 6843d2f01c8c5ea4ea5382c02e7af57c, type: 3}
      propertyPath: m_LocalEulerAnglesHint.z
      value: 180
      objectReference: {fileID: 0}
    - target: {fileID: 400000, guid: 6843d2f01c8c5ea4ea5382c02e7af57c, type: 3}
      propertyPath: m_LocalScale.x
      value: 1
      objectReference: {fileID: 0}
    - target: {fileID: 400000, guid: 6843d2f01c8c5ea4ea5382c02e7af57c, type: 3}
      propertyPath: m_LocalScale.y
      value: 1
      objectReference: {fileID: 0}
    - target: {fileID: 400000, guid: 6843d2f01c8c5ea4ea5382c02e7af57c, type: 3}
      propertyPath: m_LocalScale.z
      value: 1
      objectReference: {fileID: 0}
    m_RemovedComponents: []
  m_ParentPrefab: {fileID: 100100000, guid: 6843d2f01c8c5ea4ea5382c02e7af57c, type: 3}
  m_IsPrefabParent: 0
--- !u!4 &1748016785 stripped
Transform:
  m_PrefabParentObject: {fileID: 400000, guid: 6843d2f01c8c5ea4ea5382c02e7af57c, type: 3}
  m_PrefabInternal: {fileID: 1748016784}
--- !u!1001 &1761505426
Prefab:
  m_ObjectHideFlags: 0
  serializedVersion: 2
  m_Modification:
    m_TransformParent: {fileID: 0}
    m_Modifications:
    - target: {fileID: 4744128992449970, guid: 68cfc681d4861f24d862c1e37f555f1a, type: 2}
      propertyPath: m_LocalPosition.x
      value: 245.47
      objectReference: {fileID: 0}
    - target: {fileID: 4744128992449970, guid: 68cfc681d4861f24d862c1e37f555f1a, type: 2}
      propertyPath: m_LocalPosition.y
      value: 280.88715
      objectReference: {fileID: 0}
    - target: {fileID: 4744128992449970, guid: 68cfc681d4861f24d862c1e37f555f1a, type: 2}
      propertyPath: m_LocalPosition.z
      value: -0.08
      objectReference: {fileID: 0}
    - target: {fileID: 4744128992449970, guid: 68cfc681d4861f24d862c1e37f555f1a, type: 2}
      propertyPath: m_LocalRotation.x
      value: 0
      objectReference: {fileID: 0}
    - target: {fileID: 4744128992449970, guid: 68cfc681d4861f24d862c1e37f555f1a, type: 2}
      propertyPath: m_LocalRotation.y
      value: 0
      objectReference: {fileID: 0}
    - target: {fileID: 4744128992449970, guid: 68cfc681d4861f24d862c1e37f555f1a, type: 2}
      propertyPath: m_LocalRotation.z
      value: 0
      objectReference: {fileID: 0}
    - target: {fileID: 4744128992449970, guid: 68cfc681d4861f24d862c1e37f555f1a, type: 2}
      propertyPath: m_LocalRotation.w
      value: 1
      objectReference: {fileID: 0}
    - target: {fileID: 4744128992449970, guid: 68cfc681d4861f24d862c1e37f555f1a, type: 2}
      propertyPath: m_RootOrder
      value: 5
      objectReference: {fileID: 0}
    m_RemovedComponents: []
  m_ParentPrefab: {fileID: 100100000, guid: 68cfc681d4861f24d862c1e37f555f1a, type: 2}
  m_IsPrefabParent: 0
--- !u!1001 &1785077102
Prefab:
  m_ObjectHideFlags: 0
  serializedVersion: 2
  m_Modification:
    m_TransformParent: {fileID: 0}
    m_Modifications:
    - target: {fileID: 4953259531083376, guid: 070cc07c3cab2024f80f88b07b4736c6, type: 2}
      propertyPath: m_LocalPosition.x
      value: 0
      objectReference: {fileID: 0}
    - target: {fileID: 4953259531083376, guid: 070cc07c3cab2024f80f88b07b4736c6, type: 2}
      propertyPath: m_LocalPosition.y
      value: 0.090001
      objectReference: {fileID: 0}
    - target: {fileID: 4953259531083376, guid: 070cc07c3cab2024f80f88b07b4736c6, type: 2}
      propertyPath: m_LocalPosition.z
      value: 93.6
      objectReference: {fileID: 0}
    - target: {fileID: 4953259531083376, guid: 070cc07c3cab2024f80f88b07b4736c6, type: 2}
      propertyPath: m_LocalRotation.x
      value: 0
      objectReference: {fileID: 0}
    - target: {fileID: 4953259531083376, guid: 070cc07c3cab2024f80f88b07b4736c6, type: 2}
      propertyPath: m_LocalRotation.y
      value: 0
      objectReference: {fileID: 0}
    - target: {fileID: 4953259531083376, guid: 070cc07c3cab2024f80f88b07b4736c6, type: 2}
      propertyPath: m_LocalRotation.z
      value: 0
      objectReference: {fileID: 0}
    - target: {fileID: 4953259531083376, guid: 070cc07c3cab2024f80f88b07b4736c6, type: 2}
      propertyPath: m_LocalRotation.w
      value: 1
      objectReference: {fileID: 0}
    - target: {fileID: 4953259531083376, guid: 070cc07c3cab2024f80f88b07b4736c6, type: 2}
      propertyPath: m_RootOrder
      value: 2
      objectReference: {fileID: 0}
    - target: {fileID: 1651369884890316, guid: 070cc07c3cab2024f80f88b07b4736c6, type: 2}
      propertyPath: m_Name
      value: ScaledStreetLane (1)
      objectReference: {fileID: 0}
    - target: {fileID: 4109992452509334, guid: 070cc07c3cab2024f80f88b07b4736c6, type: 2}
      propertyPath: m_LocalPosition.x
      value: 0
      objectReference: {fileID: 0}
    - target: {fileID: 4280410518862664, guid: 070cc07c3cab2024f80f88b07b4736c6, type: 2}
      propertyPath: m_LocalPosition.x
      value: 0
      objectReference: {fileID: 0}
    - target: {fileID: 4234297432819798, guid: 070cc07c3cab2024f80f88b07b4736c6, type: 2}
      propertyPath: m_LocalPosition.x
      value: 0
      objectReference: {fileID: 0}
    - target: {fileID: 4109992452509334, guid: 070cc07c3cab2024f80f88b07b4736c6, type: 2}
      propertyPath: m_LocalPosition.y
      value: 0
      objectReference: {fileID: 0}
    - target: {fileID: 4280410518862664, guid: 070cc07c3cab2024f80f88b07b4736c6, type: 2}
      propertyPath: m_LocalPosition.y
      value: 0
      objectReference: {fileID: 0}
    - target: {fileID: 4234297432819798, guid: 070cc07c3cab2024f80f88b07b4736c6, type: 2}
      propertyPath: m_LocalPosition.y
      value: 0
      objectReference: {fileID: 0}
    - target: {fileID: 4109992452509334, guid: 070cc07c3cab2024f80f88b07b4736c6, type: 2}
      propertyPath: m_LocalPosition.z
      value: 0
      objectReference: {fileID: 0}
    - target: {fileID: 4280410518862664, guid: 070cc07c3cab2024f80f88b07b4736c6, type: 2}
      propertyPath: m_LocalPosition.z
      value: 0
      objectReference: {fileID: 0}
    - target: {fileID: 4234297432819798, guid: 070cc07c3cab2024f80f88b07b4736c6, type: 2}
      propertyPath: m_LocalPosition.z
      value: 0
      objectReference: {fileID: 0}
    m_RemovedComponents: []
  m_ParentPrefab: {fileID: 100100000, guid: 070cc07c3cab2024f80f88b07b4736c6, type: 2}
  m_IsPrefabParent: 0
--- !u!1 &1804893362
GameObject:
  m_ObjectHideFlags: 0
  m_PrefabParentObject: {fileID: 0}
  m_PrefabInternal: {fileID: 0}
  serializedVersion: 5
  m_Component:
  - component: {fileID: 1804893363}
  m_Layer: 0
  m_Name: Streets
  m_TagString: Untagged
  m_Icon: {fileID: 0}
  m_NavMeshLayer: 0
  m_StaticEditorFlags: 0
  m_IsActive: 1
--- !u!4 &1804893363
Transform:
  m_ObjectHideFlags: 0
  m_PrefabParentObject: {fileID: 0}
  m_PrefabInternal: {fileID: 0}
  m_GameObject: {fileID: 1804893362}
  m_LocalRotation: {x: 0, y: 0, z: 0, w: 1}
  m_LocalPosition: {x: -47.229813, y: -20.478088, z: 8.774362}
  m_LocalScale: {x: 1, y: 1, z: 1}
  m_Children:
  - {fileID: 641845942}
  - {fileID: 1550170932}
  m_Father: {fileID: 0}
  m_RootOrder: 9
  m_LocalEulerAnglesHint: {x: 0, y: 0, z: 0}
--- !u!1 &1853379363
GameObject:
  m_ObjectHideFlags: 0
  m_PrefabParentObject: {fileID: 0}
  m_PrefabInternal: {fileID: 0}
  serializedVersion: 5
  m_Component:
  - component: {fileID: 1853379365}
  - component: {fileID: 1853379364}
  m_Layer: 0
  m_Name: Directional Light
  m_TagString: Untagged
  m_Icon: {fileID: 0}
  m_NavMeshLayer: 0
  m_StaticEditorFlags: 0
  m_IsActive: 1
--- !u!108 &1853379364
Light:
  m_ObjectHideFlags: 0
  m_PrefabParentObject: {fileID: 0}
  m_PrefabInternal: {fileID: 0}
  m_GameObject: {fileID: 1853379363}
  m_Enabled: 1
  serializedVersion: 8
  m_Type: 1
  m_Color: {r: 0.990566, g: 0.9361502, b: 0.7709594, a: 0.48235294}
  m_Intensity: 0.1
  m_Range: 10
  m_SpotAngle: 30
  m_CookieSize: 10
  m_Shadows:
    m_Type: 2
    m_Resolution: -1
    m_CustomResolution: -1
    m_Strength: 1
    m_Bias: 0.05
    m_NormalBias: 0.4
    m_NearPlane: 0.2
  m_Cookie: {fileID: 0}
  m_DrawHalo: 0
  m_Flare: {fileID: 0}
  m_RenderMode: 0
  m_CullingMask:
    serializedVersion: 2
    m_Bits: 4294967295
  m_Lightmapping: 4
  m_AreaSize: {x: 1, y: 1}
  m_BounceIntensity: 0.2
  m_ColorTemperature: 6570
  m_UseColorTemperature: 0
  m_ShadowRadius: 0
  m_ShadowAngle: 0
--- !u!4 &1853379365
Transform:
  m_ObjectHideFlags: 0
  m_PrefabParentObject: {fileID: 0}
  m_PrefabInternal: {fileID: 0}
  m_GameObject: {fileID: 1853379363}
  m_LocalRotation: {x: -0.32213315, y: 0.36309347, z: 0.3257384, w: -0.8113494}
  m_LocalPosition: {x: 0, y: 3, z: 0}
  m_LocalScale: {x: 1, y: 1, z: 1}
  m_Children: []
  m_Father: {fileID: 0}
  m_RootOrder: 8
  m_LocalEulerAnglesHint: {x: 16.629002, y: -56.505, z: 307.27}
--- !u!1001 &1896323664
Prefab:
  m_ObjectHideFlags: 0
  serializedVersion: 2
  m_Modification:
    m_TransformParent: {fileID: 0}
    m_Modifications:
    - target: {fileID: 4255915108807008, guid: fe42eeefc6f114c4fa3284d5c7a7b6cb, type: 2}
      propertyPath: m_LocalPosition.x
      value: -12.4
      objectReference: {fileID: 0}
    - target: {fileID: 4255915108807008, guid: fe42eeefc6f114c4fa3284d5c7a7b6cb, type: 2}
      propertyPath: m_LocalPosition.y
      value: 0
      objectReference: {fileID: 0}
    - target: {fileID: 4255915108807008, guid: fe42eeefc6f114c4fa3284d5c7a7b6cb, type: 2}
      propertyPath: m_LocalPosition.z
      value: 99.66
      objectReference: {fileID: 0}
    - target: {fileID: 4255915108807008, guid: fe42eeefc6f114c4fa3284d5c7a7b6cb, type: 2}
      propertyPath: m_LocalRotation.x
      value: 0
      objectReference: {fileID: 0}
    - target: {fileID: 4255915108807008, guid: fe42eeefc6f114c4fa3284d5c7a7b6cb, type: 2}
      propertyPath: m_LocalRotation.y
      value: -0.7071068
      objectReference: {fileID: 0}
    - target: {fileID: 4255915108807008, guid: fe42eeefc6f114c4fa3284d5c7a7b6cb, type: 2}
      propertyPath: m_LocalRotation.z
      value: 0
      objectReference: {fileID: 0}
    - target: {fileID: 4255915108807008, guid: fe42eeefc6f114c4fa3284d5c7a7b6cb, type: 2}
      propertyPath: m_LocalRotation.w
      value: 0.7071068
      objectReference: {fileID: 0}
    - target: {fileID: 4255915108807008, guid: fe42eeefc6f114c4fa3284d5c7a7b6cb, type: 2}
      propertyPath: m_RootOrder
      value: 1
      objectReference: {fileID: 0}
    - target: {fileID: 4255915108807008, guid: fe42eeefc6f114c4fa3284d5c7a7b6cb, type: 2}
      propertyPath: m_LocalEulerAnglesHint.y
      value: -90
      objectReference: {fileID: 0}
    - target: {fileID: 23933347095953280, guid: fe42eeefc6f114c4fa3284d5c7a7b6cb,
        type: 2}
      propertyPath: m_ScaleInLightmap
      value: 0.99643344
      objectReference: {fileID: 0}
    - target: {fileID: 23626502488846912, guid: fe42eeefc6f114c4fa3284d5c7a7b6cb,
        type: 2}
      propertyPath: m_LightProbeUsage
      value: 1
      objectReference: {fileID: 0}
    - target: {fileID: 23626502488846912, guid: fe42eeefc6f114c4fa3284d5c7a7b6cb,
        type: 2}
      propertyPath: m_ReflectionProbeUsage
      value: 1
      objectReference: {fileID: 0}
    - target: {fileID: 23626502488846912, guid: fe42eeefc6f114c4fa3284d5c7a7b6cb,
        type: 2}
      propertyPath: m_CastShadows
      value: 1
      objectReference: {fileID: 0}
    - target: {fileID: 23626502488846912, guid: fe42eeefc6f114c4fa3284d5c7a7b6cb,
        type: 2}
      propertyPath: m_ReceiveShadows
      value: 1
      objectReference: {fileID: 0}
    - target: {fileID: 1472069610916912, guid: fe42eeefc6f114c4fa3284d5c7a7b6cb, type: 2}
      propertyPath: m_StaticEditorFlags
      value: 0
      objectReference: {fileID: 0}
    - target: {fileID: 23626502488846912, guid: fe42eeefc6f114c4fa3284d5c7a7b6cb,
        type: 2}
      propertyPath: m_DynamicOccludee
      value: 1
      objectReference: {fileID: 0}
    m_RemovedComponents: []
  m_ParentPrefab: {fileID: 100100000, guid: fe42eeefc6f114c4fa3284d5c7a7b6cb, type: 2}
  m_IsPrefabParent: 0
--- !u!1001 &1945080533
Prefab:
  m_ObjectHideFlags: 0
  serializedVersion: 2
  m_Modification:
    m_TransformParent: {fileID: 641845942}
    m_Modifications:
    - target: {fileID: 400000, guid: 6843d2f01c8c5ea4ea5382c02e7af57c, type: 3}
      propertyPath: m_LocalPosition.x
      value: -31.97219
      objectReference: {fileID: 0}
    - target: {fileID: 400000, guid: 6843d2f01c8c5ea4ea5382c02e7af57c, type: 3}
      propertyPath: m_LocalPosition.y
      value: 20.093878
      objectReference: {fileID: 0}
    - target: {fileID: 400000, guid: 6843d2f01c8c5ea4ea5382c02e7af57c, type: 3}
      propertyPath: m_LocalPosition.z
      value: -9.372372
      objectReference: {fileID: 0}
    - target: {fileID: 400000, guid: 6843d2f01c8c5ea4ea5382c02e7af57c, type: 3}
      propertyPath: m_LocalRotation.x
      value: -0
      objectReference: {fileID: 0}
    - target: {fileID: 400000, guid: 6843d2f01c8c5ea4ea5382c02e7af57c, type: 3}
      propertyPath: m_LocalRotation.y
      value: 0.7071068
      objectReference: {fileID: 0}
    - target: {fileID: 400000, guid: 6843d2f01c8c5ea4ea5382c02e7af57c, type: 3}
      propertyPath: m_LocalRotation.z
      value: 0.7071068
      objectReference: {fileID: 0}
    - target: {fileID: 400000, guid: 6843d2f01c8c5ea4ea5382c02e7af57c, type: 3}
      propertyPath: m_LocalRotation.w
      value: 0
      objectReference: {fileID: 0}
    - target: {fileID: 400000, guid: 6843d2f01c8c5ea4ea5382c02e7af57c, type: 3}
      propertyPath: m_RootOrder
      value: 8
      objectReference: {fileID: 0}
    - target: {fileID: 100000, guid: 6843d2f01c8c5ea4ea5382c02e7af57c, type: 3}
      propertyPath: m_Name
      value: CrossT (6)
      objectReference: {fileID: 0}
    - target: {fileID: 400000, guid: 6843d2f01c8c5ea4ea5382c02e7af57c, type: 3}
      propertyPath: m_LocalEulerAnglesHint.x
      value: -90.00001
      objectReference: {fileID: 0}
    - target: {fileID: 400000, guid: 6843d2f01c8c5ea4ea5382c02e7af57c, type: 3}
      propertyPath: m_LocalEulerAnglesHint.z
      value: 180
      objectReference: {fileID: 0}
    - target: {fileID: 400000, guid: 6843d2f01c8c5ea4ea5382c02e7af57c, type: 3}
      propertyPath: m_LocalScale.x
      value: 1
      objectReference: {fileID: 0}
    - target: {fileID: 400000, guid: 6843d2f01c8c5ea4ea5382c02e7af57c, type: 3}
      propertyPath: m_LocalScale.y
      value: 1
      objectReference: {fileID: 0}
    - target: {fileID: 400000, guid: 6843d2f01c8c5ea4ea5382c02e7af57c, type: 3}
      propertyPath: m_LocalScale.z
      value: 1
      objectReference: {fileID: 0}
    m_RemovedComponents: []
  m_ParentPrefab: {fileID: 100100000, guid: 6843d2f01c8c5ea4ea5382c02e7af57c, type: 3}
  m_IsPrefabParent: 0
--- !u!4 &1945080534 stripped
Transform:
  m_PrefabParentObject: {fileID: 400000, guid: 6843d2f01c8c5ea4ea5382c02e7af57c, type: 3}
  m_PrefabInternal: {fileID: 1945080533}
--- !u!1001 &1990636693
Prefab:
  m_ObjectHideFlags: 0
  serializedVersion: 2
  m_Modification:
    m_TransformParent: {fileID: 0}
    m_Modifications:
    - target: {fileID: 400000, guid: 7e92c2f1802b28d49b5201eb62230746, type: 3}
      propertyPath: m_LocalPosition.x
      value: -76.144
      objectReference: {fileID: 0}
    - target: {fileID: 400000, guid: 7e92c2f1802b28d49b5201eb62230746, type: 3}
      propertyPath: m_LocalPosition.y
      value: -0.38423
      objectReference: {fileID: 0}
    - target: {fileID: 400000, guid: 7e92c2f1802b28d49b5201eb62230746, type: 3}
      propertyPath: m_LocalPosition.z
      value: -141.61
      objectReference: {fileID: 0}
    - target: {fileID: 400000, guid: 7e92c2f1802b28d49b5201eb62230746, type: 3}
      propertyPath: m_LocalRotation.x
      value: -0.27059805
      objectReference: {fileID: 0}
    - target: {fileID: 400000, guid: 7e92c2f1802b28d49b5201eb62230746, type: 3}
      propertyPath: m_LocalRotation.y
      value: 0.6532815
      objectReference: {fileID: 0}
    - target: {fileID: 400000, guid: 7e92c2f1802b28d49b5201eb62230746, type: 3}
      propertyPath: m_LocalRotation.z
      value: 0.6532815
      objectReference: {fileID: 0}
    - target: {fileID: 400000, guid: 7e92c2f1802b28d49b5201eb62230746, type: 3}
      propertyPath: m_LocalRotation.w
      value: 0.27059805
      objectReference: {fileID: 0}
    - target: {fileID: 400000, guid: 7e92c2f1802b28d49b5201eb62230746, type: 3}
      propertyPath: m_RootOrder
      value: 10
      objectReference: {fileID: 0}
    - target: {fileID: 400000, guid: 7e92c2f1802b28d49b5201eb62230746, type: 3}
      propertyPath: m_LocalEulerAnglesHint.x
      value: -90.00001
      objectReference: {fileID: 0}
    - target: {fileID: 400000, guid: 7e92c2f1802b28d49b5201eb62230746, type: 3}
      propertyPath: m_LocalEulerAnglesHint.z
      value: 135
      objectReference: {fileID: 0}
    - target: {fileID: 100000, guid: 7e92c2f1802b28d49b5201eb62230746, type: 3}
      propertyPath: m_Name
      value: Street1LaneTurn90Deg (2)
      objectReference: {fileID: 0}
    m_RemovedComponents: []
  m_ParentPrefab: {fileID: 100100000, guid: 7e92c2f1802b28d49b5201eb62230746, type: 3}
  m_IsPrefabParent: 0
