%YAML 1.1
%TAG !u! tag:unity3d.com,2011:
--- !u!1001 &100100000
Prefab:
  m_ObjectHideFlags: 1
  serializedVersion: 2
  m_Modification:
    m_TransformParent: {fileID: 0}
    m_Modifications: []
    m_RemovedComponents: []
  m_ParentPrefab: {fileID: 0}
  m_RootGameObject: {fileID: 1466586850503760}
  m_IsPrefabParent: 1
--- !u!1 &1466586850503760
GameObject:
  m_ObjectHideFlags: 0
  m_PrefabParentObject: {fileID: 0}
  m_PrefabInternal: {fileID: 100100000}
  serializedVersion: 5
  m_Component:
  - component: {fileID: 4442767957703480}
  - component: {fileID: 114448554477425460}
  - component: {fileID: 23106993119740060}
  - component: {fileID: 33516374959961736}
  - component: {fileID: 114736317953037510}
  - component: {fileID: 64559472317646332}
  m_Layer: 0
  m_Name: Bank
  m_TagString: Untagged
  m_Icon: {fileID: 0}
  m_NavMeshLayer: 0
  m_StaticEditorFlags: 126
  m_IsActive: 1
--- !u!1 &1758370238056220
GameObject:
  m_ObjectHideFlags: 0
  m_PrefabParentObject: {fileID: 0}
  m_PrefabInternal: {fileID: 100100000}
  serializedVersion: 5
  m_Component:
  - component: {fileID: 4280738389066922}
  m_Layer: 0
  m_Name: DollarSign
  m_TagString: Untagged
  m_Icon: {fileID: 0}
  m_NavMeshLayer: 0
  m_StaticEditorFlags: 0
  m_IsActive: 1
--- !u!1 &1778441492040940
GameObject:
  m_ObjectHideFlags: 1
  m_PrefabParentObject: {fileID: 0}
  m_PrefabInternal: {fileID: 100100000}
  serializedVersion: 5
  m_Component:
  - component: {fileID: 4988941356180666}
  - component: {fileID: 33261045506035068}
  - component: {fileID: 23175073218982600}
  m_Layer: 0
  m_Name: default
  m_TagString: Untagged
  m_Icon: {fileID: 0}
  m_NavMeshLayer: 0
  m_StaticEditorFlags: 0
  m_IsActive: 1
--- !u!4 &4280738389066922
Transform:
  m_ObjectHideFlags: 1
  m_PrefabParentObject: {fileID: 0}
  m_PrefabInternal: {fileID: 100100000}
  m_GameObject: {fileID: 1758370238056220}
  m_LocalRotation: {x: -0.7070814, y: -0, z: -0, w: 0.7071322}
  m_LocalPosition: {x: 6.23, y: 6.972, z: 0.81}
  m_LocalScale: {x: 5.5532994, y: 5.553299, z: 5.553299}
  m_Children:
  - {fileID: 4988941356180666}
  m_Father: {fileID: 4442767957703480}
  m_RootOrder: 0
  m_LocalEulerAnglesHint: {x: -90.00001, y: 0, z: 0}
--- !u!4 &4442767957703480
Transform:
  m_ObjectHideFlags: 1
  m_PrefabParentObject: {fileID: 0}
  m_PrefabInternal: {fileID: 100100000}
  m_GameObject: {fileID: 1466586850503760}
  m_LocalRotation: {x: 0, y: 0, z: 0, w: 1}
  m_LocalPosition: {x: 0, y: 0, z: 0}
  m_LocalScale: {x: 1, y: 1, z: 1}
  m_Children:
  - {fileID: 4280738389066922}
  m_Father: {fileID: 0}
  m_RootOrder: 0
  m_LocalEulerAnglesHint: {x: 0, y: 0, z: 0}
--- !u!4 &4988941356180666
Transform:
  m_ObjectHideFlags: 1
  m_PrefabParentObject: {fileID: 0}
  m_PrefabInternal: {fileID: 100100000}
  m_GameObject: {fileID: 1778441492040940}
  m_LocalRotation: {x: 0, y: -0, z: -0, w: 1}
  m_LocalPosition: {x: -0, y: 0, z: 0}
  m_LocalScale: {x: 1, y: 1, z: 1}
  m_Children: []
  m_Father: {fileID: 4280738389066922}
  m_RootOrder: 0
  m_LocalEulerAnglesHint: {x: 0, y: 0, z: 0}
--- !u!23 &23106993119740060
MeshRenderer:
  m_ObjectHideFlags: 1
  m_PrefabParentObject: {fileID: 0}
  m_PrefabInternal: {fileID: 100100000}
  m_GameObject: {fileID: 1466586850503760}
  m_Enabled: 1
  m_CastShadows: 2
  m_ReceiveShadows: 1
  m_DynamicOccludee: 1
  m_MotionVectors: 1
  m_LightProbeUsage: 1
  m_ReflectionProbeUsage: 1
  m_Materials:
  - {fileID: 2100000, guid: 55296d1b6ee54e14e8eb4648d4b448ee, type: 2}
  m_StaticBatchInfo:
    firstSubMesh: 0
    subMeshCount: 0
  m_StaticBatchRoot: {fileID: 0}
  m_ProbeAnchor: {fileID: 0}
  m_LightProbeVolumeOverride: {fileID: 0}
  m_ScaleInLightmap: 1
  m_PreserveUVs: 0
  m_IgnoreNormalsForChartDetection: 0
  m_ImportantGI: 0
  m_StitchLightmapSeams: 0
  m_SelectedEditorRenderState: 2
  m_MinimumChartSize: 4
  m_AutoUVMaxDistance: 0.5
  m_AutoUVMaxAngle: 89
  m_LightmapParameters: {fileID: 0}
  m_SortingLayerID: 0
  m_SortingLayer: 0
  m_SortingOrder: 0
--- !u!23 &23175073218982600
MeshRenderer:
  m_ObjectHideFlags: 1
  m_PrefabParentObject: {fileID: 0}
  m_PrefabInternal: {fileID: 100100000}
  m_GameObject: {fileID: 1778441492040940}
  m_Enabled: 1
  m_CastShadows: 1
  m_ReceiveShadows: 1
  m_DynamicOccludee: 1
  m_MotionVectors: 1
  m_LightProbeUsage: 1
  m_ReflectionProbeUsage: 1
  m_Materials:
  - {fileID: 2100000, guid: aa7a228dc5a7a944ea210f424f17dd69, type: 2}
  m_StaticBatchInfo:
    firstSubMesh: 0
    subMeshCount: 0
  m_StaticBatchRoot: {fileID: 0}
  m_ProbeAnchor: {fileID: 0}
  m_LightProbeVolumeOverride: {fileID: 0}
  m_ScaleInLightmap: 1
  m_PreserveUVs: 0
  m_IgnoreNormalsForChartDetection: 0
  m_ImportantGI: 0
  m_StitchLightmapSeams: 0
  m_SelectedEditorRenderState: 3
  m_MinimumChartSize: 4
  m_AutoUVMaxDistance: 0.5
  m_AutoUVMaxAngle: 89
  m_LightmapParameters: {fileID: 0}
  m_SortingLayerID: 0
  m_SortingLayer: 0
  m_SortingOrder: 0
--- !u!33 &33261045506035068
MeshFilter:
  m_ObjectHideFlags: 1
  m_PrefabParentObject: {fileID: 0}
  m_PrefabInternal: {fileID: 100100000}
  m_GameObject: {fileID: 1778441492040940}
  m_Mesh: {fileID: 4300000, guid: 6f0ad4f4e2a942840a0f4329d2966bdf, type: 3}
--- !u!33 &33516374959961736
MeshFilter:
  m_ObjectHideFlags: 1
  m_PrefabParentObject: {fileID: 0}
  m_PrefabInternal: {fileID: 100100000}
  m_GameObject: {fileID: 1466586850503760}
  m_Mesh: {fileID: 0}
--- !u!64 &64559472317646332
MeshCollider:
  m_ObjectHideFlags: 1
  m_PrefabParentObject: {fileID: 0}
  m_PrefabInternal: {fileID: 100100000}
  m_GameObject: {fileID: 1466586850503760}
  m_Material: {fileID: 0}
  m_IsTrigger: 0
  m_Enabled: 1
  serializedVersion: 3
  m_Convex: 0
  m_CookingOptions: 14
  m_SkinWidth: 0.01
  m_Mesh: {fileID: 0}
--- !u!114 &114448554477425460
MonoBehaviour:
  m_ObjectHideFlags: 1
  m_PrefabParentObject: {fileID: 0}
  m_PrefabInternal: {fileID: 100100000}
  m_GameObject: {fileID: 1466586850503760}
  m_Enabled: 1
  m_EditorHideFlags: 0
  m_Script: {fileID: 16342205, guid: 0472bdc8d6d15384d98f22ee34302f9c, type: 3}
  m_Name: 
  m_EditorClassIdentifier: 
  _entityType: 0
--- !u!114 &114736317953037510
MonoBehaviour:
  m_ObjectHideFlags: 1
  m_PrefabParentObject: {fileID: 0}
  m_PrefabInternal: {fileID: 100100000}
  m_GameObject: {fileID: 1466586850503760}
  m_Enabled: 1
  m_EditorHideFlags: 0
  m_Script: {fileID: 185759285, guid: 0472bdc8d6d15384d98f22ee34302f9c, type: 3}
  m_Name: 
  m_EditorClassIdentifier: 
  _quads:
  - _indices: 000000000100000002000000010000000300000002000000
    _distinctIndices: 00000000010000000200000003000000
    _edges:
    - x: 0
      y: 1
    - x: 2
      y: 0
    - x: 1
      y: 3
    - x: 3
      y: 2
    _smoothingGroup: 0
    _uv:
      useWorldSpace: 0
      flipU: 0
      flipV: 0
      swapUV: 0
      fill: 1
      scale: {x: 1, y: 1}
      offset: {x: 0, y: 0}
      rotation: 0
      justify: 0
      localPivot: {x: -5, y: -3.5}
      localSize: {x: 0, y: 0}
      anchor: 9
    _mat: {fileID: 2100000, guid: 55296d1b6ee54e14e8eb4648d4b448ee, type: 2}
    manualUV: 0
    elementGroup: -1
    textureGroup: -1
  - _indices: 04000000050000000a00000005000000090000000a000000060000000900000005000000080000000900000006000000060000000700000008000000
    _distinctIndices: 04000000050000000a00000009000000060000000800000007000000
    _edges:
    - x: 4
      y: 5
    - x: 10
      y: 4
    - x: 9
      y: 10
    - x: 5
      y: 6
    - x: 8
      y: 9
    - x: 6
      y: 7
    - x: 7
      y: 8
    _smoothingGroup: 0
    _uv:
      useWorldSpace: 0
      flipU: 0
      flipV: 0
      swapUV: 0
      fill: 1
      scale: {x: 1, y: 1}
      offset: {x: 0, y: 0}
      rotation: 0
      justify: 0
      localPivot: {x: -5, y: 2.5}
      localSize: {x: 0, y: 0}
      anchor: 9
    _mat: {fileID: 2100000, guid: 55296d1b6ee54e14e8eb4648d4b448ee, type: 2}
    manualUV: 0
    elementGroup: 0
    textureGroup: -1
  - _indices: 0b0000000c000000110000000c00000010000000110000000d000000100000000c0000000f000000100000000d0000000d0000000e0000000f000000
    _distinctIndices: 0b0000000c00000011000000100000000d0000000f0000000e000000
    _edges:
    - x: 11
      y: 12
    - x: 17
      y: 11
    - x: 16
      y: 17
    - x: 12
      y: 13
    - x: 15
      y: 16
    - x: 13
      y: 14
    - x: 14
      y: 15
    _smoothingGroup: 0
    _uv:
      useWorldSpace: 0
      flipU: 0
      flipV: 0
      swapUV: 0
      fill: 1
      scale: {x: 1, y: 1}
      offset: {x: 0, y: 0}
      rotation: 0
      justify: 0
      localPivot: {x: -3.5, y: 2.5}
      localSize: {x: 0, y: 0}
      anchor: 9
    _mat: {fileID: 2100000, guid: 55296d1b6ee54e14e8eb4648d4b448ee, type: 2}
    manualUV: 0
    elementGroup: 0
    textureGroup: -1
  - _indices: 130000001400000015000000150000001200000013000000160000001200000015000000180000001200000016000000180000001600000017000000
    _distinctIndices: 13000000140000001500000012000000160000001800000017000000
    _edges:
    - x: 19
      y: 20
    - x: 20
      y: 21
    - x: 18
      y: 19
    - x: 21
      y: 22
    - x: 24
      y: 18
    - x: 22
      y: 23
    - x: 23
      y: 24
    _smoothingGroup: 0
    _uv:
      useWorldSpace: 0
      flipU: 0
      flipV: 0
      swapUV: 0
      fill: 1
      scale: {x: 1, y: 1}
      offset: {x: 0, y: 0}
      rotation: 0
      justify: 0
      localPivot: {x: 3.5, y: 2.5}
      localSize: {x: 0, y: 0}
      anchor: 9
    _mat: {fileID: 2100000, guid: 55296d1b6ee54e14e8eb4648d4b448ee, type: 2}
    manualUV: 0
    elementGroup: 0
    textureGroup: -1
  - _indices: 190000001a0000001b0000001c000000190000001b000000
    _distinctIndices: 190000001a0000001b0000001c000000
    _edges:
    - x: 25
      y: 26
    - x: 26
      y: 27
    - x: 28
      y: 25
    - x: 27
      y: 28
    _smoothingGroup: 0
    _uv:
      useWorldSpace: 0
      flipU: 0
      flipV: 0
      swapUV: 0
      fill: 1
      scale: {x: 1, y: 1}
      offset: {x: 0, y: 0}
      rotation: 0
      justify: 0
      localPivot: {x: -0.25, y: -2.625}
      localSize: {x: 0, y: 0}
      anchor: 9
    _mat: {fileID: 2100000, guid: 55296d1b6ee54e14e8eb4648d4b448ee, type: 2}
    manualUV: 0
    elementGroup: 0
    textureGroup: -1
  - _indices: 200000001d0000001e0000001f000000200000001e000000
    _distinctIndices: 200000001d0000001e0000001f000000
    _edges:
    - x: 32
      y: 29
    - x: 29
      y: 30
    - x: 31
      y: 32
    - x: 30
      y: 31
    _smoothingGroup: 0
    _uv:
      useWorldSpace: 0
      flipU: 0
      flipV: 0
      swapUV: 0
      fill: 1
      scale: {x: 1, y: 1}
      offset: {x: 0, y: 0}
      rotation: 0
      justify: 0
      localPivot: {x: 5, y: -3.5}
      localSize: {x: 0, y: 0}
      anchor: 9
    _mat: {fileID: 2100000, guid: 55296d1b6ee54e14e8eb4648d4b448ee, type: 2}
    manualUV: 0
    elementGroup: 0
    textureGroup: 1
  - _indices: 230000002400000021000000220000002300000021000000
    _distinctIndices: 23000000240000002100000022000000
    _edges:
    - x: 35
      y: 36
    - x: 36
      y: 33
    - x: 34
      y: 35
    - x: 33
      y: 34
    _smoothingGroup: 0
    _uv:
      useWorldSpace: 0
      flipU: 0
      flipV: 0
      swapUV: 0
      fill: 1
      scale: {x: 1, y: 1}
      offset: {x: 0, y: 0}
      rotation: 0
      justify: 0
      localPivot: {x: 5, y: -3.5}
      localSize: {x: 0, y: 0}
      anchor: 9
    _mat: {fileID: 2100000, guid: 55296d1b6ee54e14e8eb4648d4b448ee, type: 2}
    manualUV: 0
    elementGroup: 0
    textureGroup: 1
  - _indices: 250000002600000027000000280000002500000027000000
    _distinctIndices: 25000000260000002700000028000000
    _edges:
    - x: 37
      y: 38
    - x: 38
      y: 39
    - x: 40
      y: 37
    - x: 39
      y: 40
    _smoothingGroup: 0
    _uv:
      useWorldSpace: 0
      flipU: 0
      flipV: 0
      swapUV: 0
      fill: 1
      scale: {x: 1, y: 1}
      offset: {x: 0, y: 0}
      rotation: 0
      justify: 0
      localPivot: {x: 10.25, y: -2.625}
      localSize: {x: 0, y: 0}
      anchor: 9
    _mat: {fileID: 2100000, guid: 55296d1b6ee54e14e8eb4648d4b448ee, type: 2}
    manualUV: 0
    elementGroup: 0
    textureGroup: -1
  - _indices: 2c000000290000002a0000002b0000002c0000002a000000
    _distinctIndices: 2c000000290000002a0000002b000000
    _edges:
    - x: 44
      y: 41
    - x: 41
      y: 42
    - x: 43
      y: 44
    - x: 42
      y: 43
    _smoothingGroup: 0
    _uv:
      useWorldSpace: 0
      flipU: 0
      flipV: 0
      swapUV: 0
      fill: 1
      scale: {x: 1, y: 1}
      offset: {x: 0, y: 0}
      rotation: 0
      justify: 0
      localPivot: {x: 5, y: -3.5}
      localSize: {x: 0, y: 0}
      anchor: 9
    _mat: {fileID: 2100000, guid: 55296d1b6ee54e14e8eb4648d4b448ee, type: 2}
    manualUV: 0
    elementGroup: 0
    textureGroup: 1
  - _indices: 2f000000300000002d0000002e0000002f0000002d000000
    _distinctIndices: 2f000000300000002d0000002e000000
    _edges:
    - x: 47
      y: 48
    - x: 48
      y: 45
    - x: 46
      y: 47
    - x: 45
      y: 46
    _smoothingGroup: 0
    _uv:
      useWorldSpace: 0
      flipU: 0
      flipV: 0
      swapUV: 0
      fill: 1
      scale: {x: 1, y: 1}
      offset: {x: 0, y: 0}
      rotation: 0
      justify: 0
      localPivot: {x: 5, y: -3.5}
      localSize: {x: 0, y: 0}
      anchor: 9
    _mat: {fileID: 2100000, guid: 55296d1b6ee54e14e8eb4648d4b448ee, type: 2}
    manualUV: 0
    elementGroup: 0
    textureGroup: 1
  - _indices: 330000003400000031000000320000003300000031000000
    _distinctIndices: 33000000340000003100000032000000
    _edges:
    - x: 51
      y: 52
    - x: 52
      y: 49
    - x: 50
      y: 51
    - x: 49
      y: 50
    _smoothingGroup: 0
    _uv:
      useWorldSpace: 0
      flipU: 0
      flipV: 0
      swapUV: 0
      fill: 1
      scale: {x: 1, y: 1}
      offset: {x: 0, y: 0}
      rotation: 0
      justify: 0
      localPivot: {x: 10.25, y: -4.375}
      localSize: {x: 0, y: 0}
      anchor: 9
    _mat: {fileID: 2100000, guid: 55296d1b6ee54e14e8eb4648d4b448ee, type: 2}
    manualUV: 0
    elementGroup: 0
    textureGroup: -1
  - _indices: 380000003500000036000000370000003800000036000000
    _distinctIndices: 38000000350000003600000037000000
    _edges:
    - x: 56
      y: 53
    - x: 53
      y: 54
    - x: 55
      y: 56
    - x: 54
      y: 55
    _smoothingGroup: 0
    _uv:
      useWorldSpace: 0
      flipU: 0
      flipV: 0
      swapUV: 0
      fill: 1
      scale: {x: 1, y: 1}
      offset: {x: 0, y: 0}
      rotation: 0
      justify: 0
      localPivot: {x: -0.25, y: -4.375}
      localSize: {x: 0, y: 0}
      anchor: 9
    _mat: {fileID: 2100000, guid: 55296d1b6ee54e14e8eb4648d4b448ee, type: 2}
    manualUV: 0
    elementGroup: 0
    textureGroup: -1
  - _indices: 390000003a0000003b0000003c000000390000003b000000
    _distinctIndices: 390000003a0000003b0000003c000000
    _edges:
    - x: 57
      y: 58
    - x: 58
      y: 59
    - x: 60
      y: 57
    - x: 59
      y: 60
    _smoothingGroup: 0
    _uv:
      useWorldSpace: 0
      flipU: 0
      flipV: 0
      swapUV: 0
      fill: 1
      scale: {x: 1, y: 1}
      offset: {x: 0, y: 0}
      rotation: 0
      justify: 0
      localPivot: {x: 4.375, y: -3.0625}
      localSize: {x: 0, y: 0}
      anchor: 9
    _mat: {fileID: 2100000, guid: 55296d1b6ee54e14e8eb4648d4b448ee, type: 2}
    manualUV: 0
    elementGroup: 0
    textureGroup: -1
  - _indices: 3d0000003e0000003f000000400000003d0000003f000000
    _distinctIndices: 3d0000003e0000003f00000040000000
    _edges:
    - x: 61
      y: 62
    - x: 62
      y: 63
    - x: 64
      y: 61
    - x: 63
      y: 64
    _smoothingGroup: 0
    _uv:
      useWorldSpace: 0
      flipU: 0
      flipV: 0
      swapUV: 0
      fill: 1
      scale: {x: 1, y: 1}
      offset: {x: 0, y: 0}
      rotation: 0
      justify: 0
      localPivot: {x: 3.75, y: -2.625}
      localSize: {x: 0, y: 0}
      anchor: 9
    _mat: {fileID: 2100000, guid: 55296d1b6ee54e14e8eb4648d4b448ee, type: 2}
    manualUV: 0
    elementGroup: 0
    textureGroup: 2
  - _indices: 440000004100000042000000430000004400000042000000
    _distinctIndices: 44000000410000004200000043000000
    _edges:
    - x: 68
      y: 65
    - x: 65
      y: 66
    - x: 67
      y: 68
    - x: 66
      y: 67
    _smoothingGroup: 0
    _uv:
      useWorldSpace: 0
      flipU: 0
      flipV: 0
      swapUV: 0
      fill: 1
      scale: {x: 1, y: 1}
      offset: {x: 0, y: 0}
      rotation: 0
      justify: 0
      localPivot: {x: 3.75, y: -2.625}
      localSize: {x: 0, y: 0}
      anchor: 9
    _mat: {fileID: 2100000, guid: 55296d1b6ee54e14e8eb4648d4b448ee, type: 2}
    manualUV: 0
    elementGroup: 0
    textureGroup: 2
  - _indices: 470000004800000045000000460000004700000045000000
    _distinctIndices: 47000000480000004500000046000000
    _edges:
    - x: 71
      y: 72
    - x: 72
      y: 69
    - x: 70
      y: 71
    - x: 69
      y: 70
    _smoothingGroup: 0
    _uv:
      useWorldSpace: 0
      flipU: 0
      flipV: 0
      swapUV: 0
      fill: 1
      scale: {x: 1, y: 1}
      offset: {x: 0, y: 0}
      rotation: 0
      justify: 0
      localPivot: {x: 3.75, y: -2.625}
      localSize: {x: 0, y: 0}
      anchor: 9
    _mat: {fileID: 2100000, guid: 55296d1b6ee54e14e8eb4648d4b448ee, type: 2}
    manualUV: 0
    elementGroup: 0
    textureGroup: 2
  - _indices: 490000004a0000004b0000004c000000490000004b000000
    _distinctIndices: 490000004a0000004b0000004c000000
    _edges:
    - x: 73
      y: 74
    - x: 74
      y: 75
    - x: 76
      y: 73
    - x: 75
      y: 76
    _smoothingGroup: 0
    _uv:
      useWorldSpace: 0
      flipU: 0
      flipV: 0
      swapUV: 0
      fill: 1
      scale: {x: 1, y: 1}
      offset: {x: 0, y: 0}
      rotation: 0
      justify: 0
      localPivot: {x: 6.25, y: -2.625}
      localSize: {x: 0, y: 0}
      anchor: 9
    _mat: {fileID: 2100000, guid: 55296d1b6ee54e14e8eb4648d4b448ee, type: 2}
    manualUV: 0
    elementGroup: 0
    textureGroup: 3
  - _indices: 4d0000004e0000004f000000500000004d0000004f000000
    _distinctIndices: 4d0000004e0000004f00000050000000
    _edges:
    - x: 77
      y: 78
    - x: 78
      y: 79
    - x: 80
      y: 77
    - x: 79
      y: 80
    _smoothingGroup: 0
    _uv:
      useWorldSpace: 0
      flipU: 0
      flipV: 0
      swapUV: 0
      fill: 1
      scale: {x: 1, y: 1}
      offset: {x: 0, y: 0}
      rotation: 0
      justify: 0
      localPivot: {x: 5.625, y: -3.0625}
      localSize: {x: 0, y: 0}
      anchor: 9
    _mat: {fileID: 2100000, guid: 55296d1b6ee54e14e8eb4648d4b448ee, type: 2}
    manualUV: 0
    elementGroup: 0
    textureGroup: -1
  - _indices: 540000005100000052000000530000005400000052000000
    _distinctIndices: 54000000510000005200000053000000
    _edges:
    - x: 84
      y: 81
    - x: 81
      y: 82
    - x: 83
      y: 84
    - x: 82
      y: 83
    _smoothingGroup: 0
    _uv:
      useWorldSpace: 0
      flipU: 0
      flipV: 0
      swapUV: 0
      fill: 1
      scale: {x: 1, y: 1}
      offset: {x: 0, y: 0}
      rotation: 0
      justify: 0
      localPivot: {x: 6.25, y: -2.625}
      localSize: {x: 0, y: 0}
      anchor: 9
    _mat: {fileID: 2100000, guid: 55296d1b6ee54e14e8eb4648d4b448ee, type: 2}
    manualUV: 0
    elementGroup: 0
    textureGroup: 3
  - _indices: 570000005800000055000000560000005700000055000000
    _distinctIndices: 57000000580000005500000056000000
    _edges:
    - x: 87
      y: 88
    - x: 88
      y: 85
    - x: 86
      y: 87
    - x: 85
      y: 86
    _smoothingGroup: 0
    _uv:
      useWorldSpace: 0
      flipU: 0
      flipV: 0
      swapUV: 0
      fill: 1
      scale: {x: 1, y: 1}
      offset: {x: 0, y: 0}
      rotation: 0
      justify: 0
      localPivot: {x: 6.25, y: -2.625}
      localSize: {x: 0, y: 0}
      anchor: 9
    _mat: {fileID: 2100000, guid: 55296d1b6ee54e14e8eb4648d4b448ee, type: 2}
    manualUV: 0
    elementGroup: 0
    textureGroup: 3
  - _indices: 590000005a0000005b0000005c000000590000005b000000
    _distinctIndices: 590000005a0000005b0000005c000000
    _edges:
    - x: 89
      y: 90
    - x: 90
      y: 91
    - x: 92
      y: 89
    - x: 91
      y: 92
    _smoothingGroup: 0
    _uv:
      useWorldSpace: 0
      flipU: 0
      flipV: 0
      swapUV: 0
      fill: 1
      scale: {x: 1, y: 1}
      offset: {x: 0, y: 0}
      rotation: 0
      justify: 0
      localPivot: {x: 6.25, y: -4.375}
      localSize: {x: 0, y: 0}
      anchor: 9
    _mat: {fileID: 2100000, guid: 55296d1b6ee54e14e8eb4648d4b448ee, type: 2}
    manualUV: 0
    elementGroup: 0
    textureGroup: 4
  - _indices: 5d0000005e0000005f000000600000005d0000005f000000
    _distinctIndices: 5d0000005e0000005f00000060000000
    _edges:
    - x: 93
      y: 94
    - x: 94
      y: 95
    - x: 96
      y: 93
    - x: 95
      y: 96
    _smoothingGroup: 0
    _uv:
      useWorldSpace: 0
      flipU: 0
      flipV: 0
      swapUV: 0
      fill: 1
      scale: {x: 1, y: 1}
      offset: {x: 0, y: 0}
      rotation: 0
      justify: 0
      localPivot: {x: 6.25, y: -4.375}
      localSize: {x: 0, y: 0}
      anchor: 9
    _mat: {fileID: 2100000, guid: 55296d1b6ee54e14e8eb4648d4b448ee, type: 2}
    manualUV: 0
    elementGroup: 0
    textureGroup: 4
  - _indices: 640000006100000062000000630000006400000062000000
    _distinctIndices: 64000000610000006200000063000000
    _edges:
    - x: 100
      y: 97
    - x: 97
      y: 98
    - x: 99
      y: 100
    - x: 98
      y: 99
    _smoothingGroup: 0
    _uv:
      useWorldSpace: 0
      flipU: 0
      flipV: 0
      swapUV: 0
      fill: 1
      scale: {x: 1, y: 1}
      offset: {x: 0, y: 0}
      rotation: 0
      justify: 0
      localPivot: {x: 5.625, y: -3.9375}
      localSize: {x: 0, y: 0}
      anchor: 9
    _mat: {fileID: 2100000, guid: 55296d1b6ee54e14e8eb4648d4b448ee, type: 2}
    manualUV: 0
    elementGroup: 0
    textureGroup: -1
  - _indices: 670000006800000065000000660000006700000065000000
    _distinctIndices: 67000000680000006500000066000000
    _edges:
    - x: 103
      y: 104
    - x: 104
      y: 101
    - x: 102
      y: 103
    - x: 101
      y: 102
    _smoothingGroup: 0
    _uv:
      useWorldSpace: 0
      flipU: 0
      flipV: 0
      swapUV: 0
      fill: 1
      scale: {x: 1, y: 1}
      offset: {x: 0, y: 0}
      rotation: 0
      justify: 0
      localPivot: {x: 6.25, y: -4.375}
      localSize: {x: 0, y: 0}
      anchor: 9
    _mat: {fileID: 2100000, guid: 55296d1b6ee54e14e8eb4648d4b448ee, type: 2}
    manualUV: 0
    elementGroup: 0
    textureGroup: 4
  - _indices: 690000006a0000006b0000006c000000690000006b000000
    _distinctIndices: 690000006a0000006b0000006c000000
    _edges:
    - x: 105
      y: 106
    - x: 106
      y: 107
    - x: 108
      y: 105
    - x: 107
      y: 108
    _smoothingGroup: 0
    _uv:
      useWorldSpace: 0
      flipU: 0
      flipV: 0
      swapUV: 0
      fill: 1
      scale: {x: 1, y: 1}
      offset: {x: 0, y: 0}
      rotation: 0
      justify: 0
      localPivot: {x: 3.75, y: -4.375}
      localSize: {x: 0, y: 0}
      anchor: 9
    _mat: {fileID: 2100000, guid: 55296d1b6ee54e14e8eb4648d4b448ee, type: 2}
    manualUV: 0
    elementGroup: 0
    textureGroup: 5
  - _indices: 6d0000006e0000006f000000700000006d0000006f000000
    _distinctIndices: 6d0000006e0000006f00000070000000
    _edges:
    - x: 109
      y: 110
    - x: 110
      y: 111
    - x: 112
      y: 109
    - x: 111
      y: 112
    _smoothingGroup: 0
    _uv:
      useWorldSpace: 0
      flipU: 0
      flipV: 0
      swapUV: 0
      fill: 1
      scale: {x: 1, y: 1}
      offset: {x: 0, y: 0}
      rotation: 0
      justify: 0
      localPivot: {x: 3.75, y: -4.375}
      localSize: {x: 0, y: 0}
      anchor: 9
    _mat: {fileID: 2100000, guid: 55296d1b6ee54e14e8eb4648d4b448ee, type: 2}
    manualUV: 0
    elementGroup: 0
    textureGroup: 5
  - _indices: 740000007100000072000000730000007400000072000000
    _distinctIndices: 74000000710000007200000073000000
    _edges:
    - x: 116
      y: 113
    - x: 113
      y: 114
    - x: 115
      y: 116
    - x: 114
      y: 115
    _smoothingGroup: 0
    _uv:
      useWorldSpace: 0
      flipU: 0
      flipV: 0
      swapUV: 0
      fill: 1
      scale: {x: 1, y: 1}
      offset: {x: 0, y: 0}
      rotation: 0
      justify: 0
      localPivot: {x: 3.75, y: -4.375}
      localSize: {x: 0, y: 0}
      anchor: 9
    _mat: {fileID: 2100000, guid: 55296d1b6ee54e14e8eb4648d4b448ee, type: 2}
    manualUV: 0
    elementGroup: 0
    textureGroup: 5
  - _indices: 770000007800000075000000760000007700000075000000
    _distinctIndices: 77000000780000007500000076000000
    _edges:
    - x: 119
      y: 120
    - x: 120
      y: 117
    - x: 118
      y: 119
    - x: 117
      y: 118
    _smoothingGroup: 0
    _uv:
      useWorldSpace: 0
      flipU: 0
      flipV: 0
      swapUV: 0
      fill: 1
      scale: {x: 1, y: 1}
      offset: {x: 0, y: 0}
      rotation: 0
      justify: 0
      localPivot: {x: 4.375, y: -3.9375}
      localSize: {x: 0, y: 0}
      anchor: 9
    _mat: {fileID: 2100000, guid: 55296d1b6ee54e14e8eb4648d4b448ee, type: 2}
    manualUV: 0
    elementGroup: 0
    textureGroup: -1
  - _indices: 7c0000007d000000790000007a0000007c000000790000007c0000007a0000007b000000
    _distinctIndices: 7c0000007d000000790000007a0000007b000000
    _edges:
    - x: 124
      y: 125
    - x: 125
      y: 121
    - x: 121
      y: 122
    - x: 122
      y: 123
    - x: 123
      y: 124
    _smoothingGroup: 0
    _uv:
      useWorldSpace: 0
      flipU: 0
      flipV: 0
      swapUV: 0
      fill: 1
      scale: {x: 1, y: 1}
      offset: {x: 0, y: 0}
      rotation: 0
      justify: 0
      localPivot: {x: 4.375, y: 5.25}
      localSize: {x: 0, y: 0}
      anchor: 9
    _mat: {fileID: 2100000, guid: 55296d1b6ee54e14e8eb4648d4b448ee, type: 2}
    manualUV: 0
    elementGroup: 0
    textureGroup: -1
  - _indices: 820000007e000000810000007f000000810000007e0000007f0000008000000081000000
    _distinctIndices: 820000007e000000810000007f00000080000000
    _edges:
    - x: 130
      y: 126
    - x: 129
      y: 130
    - x: 126
      y: 127
    - x: 127
      y: 128
    - x: 128
      y: 129
    _smoothingGroup: 0
    _uv:
      useWorldSpace: 0
      flipU: 0
      flipV: 0
      swapUV: 0
      fill: 1
      scale: {x: 1, y: 1}
      offset: {x: 0, y: 0}
      rotation: 0
      justify: 0
      localPivot: {x: -4.375, y: 5.25}
      localSize: {x: 0, y: 0}
      anchor: 9
    _mat: {fileID: 2100000, guid: 55296d1b6ee54e14e8eb4648d4b448ee, type: 2}
    manualUV: 0
    elementGroup: 0
    textureGroup: -1
  - _indices: 860000008700000083000000840000008600000083000000860000008400000085000000
    _distinctIndices: 8600000087000000830000008400000085000000
    _edges:
    - x: 134
      y: 135
    - x: 135
      y: 131
    - x: 131
      y: 132
    - x: 132
      y: 133
    - x: 133
      y: 134
    _smoothingGroup: 0
    _uv:
      useWorldSpace: 0
      flipU: 0
      flipV: 0
      swapUV: 0
      fill: 1
      scale: {x: 1, y: 1}
      offset: {x: 0, y: 0}
      rotation: 0
      justify: 0
      localPivot: {x: 2.625, y: 5.25}
      localSize: {x: 0, y: 0}
      anchor: 9
    _mat: {fileID: 2100000, guid: 55296d1b6ee54e14e8eb4648d4b448ee, type: 2}
    manualUV: 0
    elementGroup: 0
    textureGroup: -1
  - _indices: 8c000000880000008b000000890000008b00000088000000890000008a0000008b000000
    _distinctIndices: 8c000000880000008b000000890000008a000000
    _edges:
    - x: 140
      y: 136
    - x: 139
      y: 140
    - x: 136
      y: 137
    - x: 137
      y: 138
    - x: 138
      y: 139
    _smoothingGroup: 0
    _uv:
      useWorldSpace: 0
      flipU: 0
      flipV: 0
      swapUV: 0
      fill: 1
      scale: {x: 1, y: 1}
      offset: {x: 0, y: 0}
      rotation: 0
      justify: 0
      localPivot: {x: -2.625, y: 5.25}
      localSize: {x: 0, y: 0}
      anchor: 9
    _mat: {fileID: 2100000, guid: 55296d1b6ee54e14e8eb4648d4b448ee, type: 2}
    manualUV: 0
    elementGroup: 0
    textureGroup: -1
  - _indices: 910000008d000000900000008e000000900000008d0000008e0000008f00000090000000
    _distinctIndices: 910000008d000000900000008e0000008f000000
    _edges:
    - x: 145
      y: 141
    - x: 144
      y: 145
    - x: 141
      y: 142
    - x: 142
      y: 143
    - x: 143
      y: 144
    _smoothingGroup: 0
    _uv:
      useWorldSpace: 0
      flipU: 0
      flipV: 0
      swapUV: 0
      fill: 1
      scale: {x: 1, y: 1}
      offset: {x: 0, y: 0}
      rotation: 0
      justify: 0
      localPivot: {x: -3.75, y: 5.25}
      localSize: {x: 0, y: 0}
      anchor: 9
    _mat: {fileID: 2100000, guid: 55296d1b6ee54e14e8eb4648d4b448ee, type: 2}
    manualUV: 0
    elementGroup: 0
    textureGroup: -1
  - _indices: 960000009200000095000000930000009500000092000000930000009400000095000000
    _distinctIndices: 9600000092000000950000009300000094000000
    _edges:
    - x: 150
      y: 146
    - x: 149
      y: 150
    - x: 146
      y: 147
    - x: 147
      y: 148
    - x: 148
      y: 149
    _smoothingGroup: 0
    _uv:
      useWorldSpace: 0
      flipU: 0
      flipV: 0
      swapUV: 0
      fill: 1
      scale: {x: 1, y: 1}
      offset: {x: 0, y: 0}
      rotation: 0
      justify: 0
      localPivot: {x: -6.25, y: 5.25}
      localSize: {x: 0, y: 0}
      anchor: 9
    _mat: {fileID: 2100000, guid: 55296d1b6ee54e14e8eb4648d4b448ee, type: 2}
    manualUV: 0
    elementGroup: 0
    textureGroup: -1
  - _indices: 970000009800000099000000980000009a00000099000000
    _distinctIndices: 9700000098000000990000009a000000
    _edges:
    - x: 151
      y: 152
    - x: 153
      y: 151
    - x: 152
      y: 154
    - x: 154
      y: 153
    _smoothingGroup: 0
    _uv:
      useWorldSpace: 0
      flipU: 0
      flipV: 0
      swapUV: 0
      fill: 1
      scale: {x: 1, y: 1}
      offset: {x: 0, y: 0}
      rotation: 0
      justify: 0
      localPivot: {x: 4.375, y: 5.75}
      localSize: {x: 0, y: 0}
      anchor: 9
    _mat: {fileID: 2100000, guid: 55296d1b6ee54e14e8eb4648d4b448ee, type: 2}
    manualUV: 0
    elementGroup: -1
    textureGroup: -1
  - _indices: 9b0000009c0000009d0000009c0000009e0000009d000000
    _distinctIndices: 9b0000009c0000009d0000009e000000
    _edges:
    - x: 155
      y: 156
    - x: 157
      y: 155
    - x: 156
      y: 158
    - x: 158
      y: 157
    _smoothingGroup: 0
    _uv:
      useWorldSpace: 0
      flipU: 0
      flipV: 0
      swapUV: 0
      fill: 1
      scale: {x: 1, y: 1}
      offset: {x: 0, y: 0}
      rotation: 0
      justify: 0
      localPivot: {x: 3.9375, y: 5.75}
      localSize: {x: 0, y: 0}
      anchor: 9
    _mat: {fileID: 2100000, guid: 55296d1b6ee54e14e8eb4648d4b448ee, type: 2}
    manualUV: 0
    elementGroup: -1
    textureGroup: -1
  - _indices: 9f000000a0000000a1000000a0000000a2000000a1000000
    _distinctIndices: 9f000000a0000000a1000000a2000000
    _edges:
    - x: 159
      y: 160
    - x: 161
      y: 159
    - x: 160
      y: 162
    - x: 162
      y: 161
    _smoothingGroup: 0
    _uv:
      useWorldSpace: 0
      flipU: 0
      flipV: 0
      swapUV: 0
      fill: 1
      scale: {x: 1, y: 1}
      offset: {x: 0, y: 0}
      rotation: 0
      justify: 0
      localPivot: {x: -3.9375, y: 5.75}
      localSize: {x: 0, y: 0}
      anchor: 9
    _mat: {fileID: 2100000, guid: 55296d1b6ee54e14e8eb4648d4b448ee, type: 2}
    manualUV: 0
    elementGroup: -1
    textureGroup: -1
  - _indices: a3000000a4000000a5000000a4000000a6000000a5000000
    _distinctIndices: a3000000a4000000a5000000a6000000
    _edges:
    - x: 163
      y: 164
    - x: 165
      y: 163
    - x: 164
      y: 166
    - x: 166
      y: 165
    _smoothingGroup: 0
    _uv:
      useWorldSpace: 0
      flipU: 0
      flipV: 0
      swapUV: 0
      fill: 1
      scale: {x: 1, y: 1}
      offset: {x: 0, y: 0}
      rotation: 0
      justify: 0
      localPivot: {x: 3.0625, y: 5.75}
      localSize: {x: 0, y: 0}
      anchor: 9
    _mat: {fileID: 2100000, guid: 55296d1b6ee54e14e8eb4648d4b448ee, type: 2}
    manualUV: 0
    elementGroup: -1
    textureGroup: -1
  - _indices: a7000000a8000000a9000000a8000000aa000000a9000000
    _distinctIndices: a7000000a8000000a9000000aa000000
    _edges:
    - x: 167
      y: 168
    - x: 169
      y: 167
    - x: 168
      y: 170
    - x: 170
      y: 169
    _smoothingGroup: 0
    _uv:
      useWorldSpace: 0
      flipU: 0
      flipV: 0
      swapUV: 0
      fill: 1
      scale: {x: 1, y: 1}
      offset: {x: 0, y: 0}
      rotation: 0
      justify: 0
      localPivot: {x: -3.0625, y: 5.75}
      localSize: {x: 0, y: 0}
      anchor: 9
    _mat: {fileID: 2100000, guid: 55296d1b6ee54e14e8eb4648d4b448ee, type: 2}
    manualUV: 0
    elementGroup: -1
    textureGroup: -1
  - _indices: ab000000ac000000ad000000ac000000ae000000ad000000
    _distinctIndices: ab000000ac000000ad000000ae000000
    _edges:
    - x: 171
      y: 172
    - x: 173
      y: 171
    - x: 172
      y: 174
    - x: 174
      y: 173
    _smoothingGroup: 0
    _uv:
      useWorldSpace: 0
      flipU: 0
      flipV: 0
      swapUV: 0
      fill: 1
      scale: {x: 1, y: 1}
      offset: {x: 0, y: 0}
      rotation: 0
      justify: 0
      localPivot: {x: -4.375, y: 5.75}
      localSize: {x: 0, y: 0}
      anchor: 9
    _mat: {fileID: 2100000, guid: 55296d1b6ee54e14e8eb4648d4b448ee, type: 2}
    manualUV: 0
    elementGroup: -1
    textureGroup: -1
  - _indices: af000000b0000000b1000000b0000000b2000000b1000000
    _distinctIndices: af000000b0000000b1000000b2000000
    _edges:
    - x: 175
      y: 176
    - x: 177
      y: 175
    - x: 176
      y: 178
    - x: 178
      y: 177
    _smoothingGroup: 0
    _uv:
      useWorldSpace: 0
      flipU: 0
      flipV: 0
      swapUV: 0
      fill: 1
      scale: {x: 1, y: 1}
      offset: {x: 0, y: 0}
      rotation: 0
      justify: 0
      localPivot: {x: -5.625, y: 5.75}
      localSize: {x: 0, y: 0}
      anchor: 9
    _mat: {fileID: 2100000, guid: 55296d1b6ee54e14e8eb4648d4b448ee, type: 2}
    manualUV: 0
    elementGroup: -1
    textureGroup: -1
  - _indices: b3000000b4000000b5000000b4000000b6000000b5000000
    _distinctIndices: b3000000b4000000b5000000b6000000
    _edges:
    - x: 179
      y: 180
    - x: 181
      y: 179
    - x: 180
      y: 182
    - x: 182
      y: 181
    _smoothingGroup: 0
    _uv:
      useWorldSpace: 0
      flipU: 0
      flipV: 0
      swapUV: 0
      fill: 1
      scale: {x: 1, y: 1}
      offset: {x: 0, y: 0}
      rotation: 0
      justify: 0
      localPivot: {x: 5.625, y: 5.75}
      localSize: {x: 0, y: 0}
      anchor: 9
    _mat: {fileID: 2100000, guid: 55296d1b6ee54e14e8eb4648d4b448ee, type: 2}
    manualUV: 0
    elementGroup: -1
    textureGroup: -1
  - _indices: b7000000b8000000b9000000b9000000bf000000b7000000b9000000be000000bf000000ba000000be000000b9000000bd000000be000000ba000000bc000000bd000000ba000000bc000000ba000000bb000000
    _distinctIndices: b7000000b8000000b9000000bf000000be000000ba000000bd000000bc000000bb000000
    _edges:
    - x: 183
      y: 184
    - x: 184
      y: 185
    - x: 191
      y: 183
    - x: 190
      y: 191
    - x: 185
      y: 186
    - x: 189
      y: 190
    - x: 188
      y: 189
    - x: 186
      y: 187
    - x: 187
      y: 188
    _smoothingGroup: 0
    _uv:
      useWorldSpace: 0
      flipU: 0
      flipV: 0
      swapUV: 0
      fill: 1
      scale: {x: 1, y: 1}
      offset: {x: 0, y: 0}
      rotation: 0
      justify: 0
      localPivot: {x: 5, y: 2.5}
      localSize: {x: 0, y: 0}
      anchor: 9
    _mat: {fileID: 2100000, guid: 55296d1b6ee54e14e8eb4648d4b448ee, type: 2}
    manualUV: 0
    elementGroup: 0
    textureGroup: -1
  - _indices: c0000000c1000000c2000000c0000000c2000000c4000000c2000000c3000000c4000000
    _distinctIndices: c0000000c1000000c2000000c4000000c3000000
    _edges:
    - x: 192
      y: 193
    - x: 193
      y: 194
    - x: 196
      y: 192
    - x: 194
      y: 195
    - x: 195
      y: 196
    _smoothingGroup: 0
    _uv:
      useWorldSpace: 0
      flipU: 0
      flipV: 0
      swapUV: 0
      fill: 1
      scale: {x: 1, y: 1}
      offset: {x: 0, y: 0}
      rotation: 0
      justify: 0
      localPivot: {x: 5, y: -3.5}
      localSize: {x: 0, y: 0}
      anchor: 9
    _mat: {fileID: 2100000, guid: 55296d1b6ee54e14e8eb4648d4b448ee, type: 2}
    manualUV: 0
    elementGroup: 0
    textureGroup: 1
  - _indices: c5000000c6000000c7000000c8000000c5000000c7000000
    _distinctIndices: c5000000c6000000c7000000c8000000
    _edges:
    - x: 197
      y: 198
    - x: 198
      y: 199
    - x: 200
      y: 197
    - x: 199
      y: 200
    _smoothingGroup: 0
    _uv:
      useWorldSpace: 0
      flipU: 0
      flipV: 0
      swapUV: 0
      fill: 1
      scale: {x: 1, y: 1}
      offset: {x: 0, y: 0}
      rotation: 0
      justify: 0
      localPivot: {x: 5, y: -3.5}
      localSize: {x: 0, y: 0}
      anchor: 9
    _mat: {fileID: 2100000, guid: 55296d1b6ee54e14e8eb4648d4b448ee, type: 2}
    manualUV: 0
    elementGroup: 0
    textureGroup: 1
  - _indices: c9000000ca000000cb000000cc000000c9000000cb000000
    _distinctIndices: c9000000ca000000cb000000cc000000
    _edges:
    - x: 201
      y: 202
    - x: 202
      y: 203
    - x: 204
      y: 201
    - x: 203
      y: 204
    _smoothingGroup: 0
    _uv:
      useWorldSpace: 0
      flipU: 0
      flipV: 0
      swapUV: 0
      fill: 1
      scale: {x: 1, y: 1}
      offset: {x: 0, y: 0}
      rotation: 0
      justify: 0
      localPivot: {x: 5, y: -3.5}
      localSize: {x: 0, y: 0}
      anchor: 9
    _mat: {fileID: 2100000, guid: 55296d1b6ee54e14e8eb4648d4b448ee, type: 2}
    manualUV: 0
    elementGroup: 0
    textureGroup: 1
  - _indices: d0000000cd000000ce000000cf000000d0000000ce000000
    _distinctIndices: d0000000cd000000ce000000cf000000
    _edges:
    - x: 208
      y: 205
    - x: 205
      y: 206
    - x: 207
      y: 208
    - x: 206
      y: 207
    _smoothingGroup: 0
    _uv:
      useWorldSpace: 0
      flipU: 0
      flipV: 0
      swapUV: 0
      fill: 1
      scale: {x: 1, y: 1}
      offset: {x: 0, y: 0}
      rotation: 0
      justify: 0
      localPivot: {x: 5, y: -3.5}
      localSize: {x: 0, y: 0}
      anchor: 9
    _mat: {fileID: 2100000, guid: 55296d1b6ee54e14e8eb4648d4b448ee, type: 2}
    manualUV: 0
    elementGroup: 0
    textureGroup: 1
  - _indices: d3000000d4000000d1000000d2000000d3000000d1000000
    _distinctIndices: d3000000d4000000d1000000d2000000
    _edges:
    - x: 211
      y: 212
    - x: 212
      y: 209
    - x: 210
      y: 211
    - x: 209
      y: 210
    _smoothingGroup: 0
    _uv:
      useWorldSpace: 0
      flipU: 0
      flipV: 0
      swapUV: 0
      fill: 1
      scale: {x: 1, y: 1}
      offset: {x: 0, y: 0}
      rotation: 0
      justify: 0
      localPivot: {x: 5, y: -3.5}
      localSize: {x: 0, y: 0}
      anchor: 9
    _mat: {fileID: 2100000, guid: 55296d1b6ee54e14e8eb4648d4b448ee, type: 2}
    manualUV: 0
    elementGroup: 0
    textureGroup: 1
  - _indices: d5000000d6000000d7000000d8000000d5000000d7000000
    _distinctIndices: d5000000d6000000d7000000d8000000
    _edges:
    - x: 213
      y: 214
    - x: 214
      y: 215
    - x: 216
      y: 213
    - x: 215
      y: 216
    _smoothingGroup: 0
    _uv:
      useWorldSpace: 0
      flipU: 0
      flipV: 0
      swapUV: 0
      fill: 1
      scale: {x: 1, y: 1}
      offset: {x: 0, y: 0}
      rotation: 0
      justify: 0
      localPivot: {x: 5, y: -3.5}
      localSize: {x: 0, y: 0}
      anchor: 9
    _mat: {fileID: 2100000, guid: 55296d1b6ee54e14e8eb4648d4b448ee, type: 2}
    manualUV: 0
    elementGroup: 0
    textureGroup: 1
  - _indices: d9000000da000000db000000dc000000d9000000db000000
    _distinctIndices: d9000000da000000db000000dc000000
    _edges:
    - x: 217
      y: 218
    - x: 218
      y: 219
    - x: 220
      y: 217
    - x: 219
      y: 220
    _smoothingGroup: 0
    _uv:
      useWorldSpace: 0
      flipU: 0
      flipV: 0
      swapUV: 0
      fill: 1
      scale: {x: 1, y: 1}
      offset: {x: 0, y: 0}
      rotation: 0
      justify: 0
      localPivot: {x: 5, y: -3.5}
      localSize: {x: 0, y: 0}
      anchor: 9
    _mat: {fileID: 2100000, guid: 55296d1b6ee54e14e8eb4648d4b448ee, type: 2}
    manualUV: 0
    elementGroup: 0
    textureGroup: 1
  - _indices: e0000000dd000000de000000df000000e0000000de000000
    _distinctIndices: e0000000dd000000de000000df000000
    _edges:
    - x: 224
      y: 221
    - x: 221
      y: 222
    - x: 223
      y: 224
    - x: 222
      y: 223
    _smoothingGroup: 0
    _uv:
      useWorldSpace: 0
      flipU: 0
      flipV: 0
      swapUV: 0
      fill: 1
      scale: {x: 1, y: 1}
      offset: {x: 0, y: 0}
      rotation: 0
      justify: 0
      localPivot: {x: 5, y: -3.5}
      localSize: {x: 0, y: 0}
      anchor: 9
    _mat: {fileID: 2100000, guid: 55296d1b6ee54e14e8eb4648d4b448ee, type: 2}
    manualUV: 0
    elementGroup: 0
    textureGroup: 1
  - _indices: e3000000e4000000e1000000e2000000e3000000e1000000
    _distinctIndices: e3000000e4000000e1000000e2000000
    _edges:
    - x: 227
      y: 228
    - x: 228
      y: 225
    - x: 226
      y: 227
    - x: 225
      y: 226
    _smoothingGroup: 0
    _uv:
      useWorldSpace: 0
      flipU: 0
      flipV: 0
      swapUV: 0
      fill: 1
      scale: {x: 1, y: 1}
      offset: {x: 0, y: 0}
      rotation: 0
      justify: 0
      localPivot: {x: 5, y: -3.5}
      localSize: {x: 0, y: 0}
      anchor: 9
    _mat: {fileID: 2100000, guid: 55296d1b6ee54e14e8eb4648d4b448ee, type: 2}
    manualUV: 0
    elementGroup: 0
    textureGroup: 1
  - _indices: e9000000e5000000e6000000e9000000e6000000e7000000e8000000e9000000e7000000
    _distinctIndices: e9000000e5000000e6000000e7000000e8000000
    _edges:
    - x: 233
      y: 229
    - x: 229
      y: 230
    - x: 230
      y: 231
    - x: 232
      y: 233
    - x: 231
      y: 232
    _smoothingGroup: 0
    _uv:
      useWorldSpace: 0
      flipU: 0
      flipV: 0
      swapUV: 0
      fill: 1
      scale: {x: 1, y: 1}
      offset: {x: 0, y: 0}
      rotation: 0
      justify: 0
      localPivot: {x: 5, y: -3.5}
      localSize: {x: 0, y: 0}
      anchor: 9
    _mat: {fileID: 2100000, guid: 55296d1b6ee54e14e8eb4648d4b448ee, type: 2}
    manualUV: 0
    elementGroup: 0
    textureGroup: 1
  - _indices: eb000000ed000000ea000000ea000000ed000000ee000000ea000000ee000000ef000000eb000000ec000000ed000000
    _distinctIndices: eb000000ed000000ea000000ee000000ef000000ec000000
    _edges:
    - x: 234
      y: 235
    - x: 237
      y: 238
    - x: 238
      y: 239
    - x: 239
      y: 234
    - x: 235
      y: 236
    - x: 236
      y: 237
    _smoothingGroup: 0
    _uv:
      useWorldSpace: 0
      flipU: 0
      flipV: 0
      swapUV: 0
      fill: 1
      scale: {x: 1, y: 1}
      offset: {x: 0, y: 0}
      rotation: 0
      justify: 0
      localPivot: {x: 3.75, y: 5.25}
      localSize: {x: 0, y: 0}
      anchor: 9
    _mat: {fileID: 2100000, guid: 55296d1b6ee54e14e8eb4648d4b448ee, type: 2}
    manualUV: 0
    elementGroup: 0
    textureGroup: -1
  - _indices: f1000000f3000000f0000000f0000000f3000000f4000000f0000000f4000000f5000000f1000000f2000000f3000000
    _distinctIndices: f1000000f3000000f0000000f4000000f5000000f2000000
    _edges:
    - x: 240
      y: 241
    - x: 243
      y: 244
    - x: 244
      y: 245
    - x: 245
      y: 240
    - x: 241
      y: 242
    - x: 242
      y: 243
    _smoothingGroup: 0
    _uv:
      useWorldSpace: 0
      flipU: 0
      flipV: 0
      swapUV: 0
      fill: 1
      scale: {x: 1, y: 1}
      offset: {x: 0, y: 0}
      rotation: 0
      justify: 0
      localPivot: {x: 6.25, y: 5.25}
      localSize: {x: 0, y: 0}
      anchor: 9
    _mat: {fileID: 2100000, guid: 55296d1b6ee54e14e8eb4648d4b448ee, type: 2}
    manualUV: 0
    elementGroup: 0
    textureGroup: -1
  - _indices: f6000000f7000000f8000000f7000000f9000000f8000000
    _distinctIndices: f6000000f7000000f8000000f9000000
    _edges:
    - x: 246
      y: 247
    - x: 248
      y: 246
    - x: 247
      y: 249
    - x: 249
      y: 248
    _smoothingGroup: 0
    _uv:
      useWorldSpace: 0
      flipU: 0
      flipV: 0
      swapUV: 0
      fill: 1
      scale: {x: 1, y: 1}
      offset: {x: 0, y: 0}
      rotation: 0
      justify: 0
      localPivot: {x: 10.25, y: 8.25}
      localSize: {x: 0, y: 0}
      anchor: 9
    _mat: {fileID: 2100000, guid: 55296d1b6ee54e14e8eb4648d4b448ee, type: 2}
    manualUV: 0
    elementGroup: -1
    textureGroup: -1
  - _indices: fa000000fb000000fc000000fb000000fd000000fc000000
    _distinctIndices: fa000000fb000000fc000000fd000000
    _edges:
    - x: 250
      y: 251
    - x: 252
      y: 250
    - x: 251
      y: 253
    - x: 253
      y: 252
    _smoothingGroup: 0
    _uv:
      useWorldSpace: 0
      flipU: 0
      flipV: 0
      swapUV: 0
      fill: 1
      scale: {x: 1, y: 1}
      offset: {x: 0, y: 0}
      rotation: 0
      justify: 0
      localPivot: {x: 4.375, y: 8.25}
      localSize: {x: 0, y: 0}
      anchor: 9
    _mat: {fileID: 2100000, guid: 55296d1b6ee54e14e8eb4648d4b448ee, type: 2}
    manualUV: 0
    elementGroup: -1
    textureGroup: -1
  - _indices: fe000000ff00000000010000ff0000000101000000010000
    _distinctIndices: fe000000ff0000000001000001010000
    _edges:
    - x: 254
      y: 255
    - x: 256
      y: 254
    - x: 255
      y: 257
    - x: 257
      y: 256
    _smoothingGroup: 0
    _uv:
      useWorldSpace: 0
      flipU: 0
      flipV: 0
      swapUV: 0
      fill: 1
      scale: {x: 1, y: 1}
      offset: {x: 0, y: 0}
      rotation: 0
      justify: 0
      localPivot: {x: -4.375, y: 8.25}
      localSize: {x: 0, y: 0}
      anchor: 9
    _mat: {fileID: 2100000, guid: 55296d1b6ee54e14e8eb4648d4b448ee, type: 2}
    manualUV: 0
    elementGroup: -1
    textureGroup: -1
  - _indices: 020100000301000004010000030100000501000004010000
    _distinctIndices: 02010000030100000401000005010000
    _edges:
    - x: 258
      y: 259
    - x: 260
      y: 258
    - x: 259
      y: 261
    - x: 261
      y: 260
    _smoothingGroup: 0
    _uv:
      useWorldSpace: 0
      flipU: 0
      flipV: 0
      swapUV: 0
      fill: 1
      scale: {x: 1, y: 1}
      offset: {x: 0, y: 0}
      rotation: 0
      justify: 0
      localPivot: {x: 2.625, y: 8.25}
      localSize: {x: 0, y: 0}
      anchor: 9
    _mat: {fileID: 2100000, guid: 55296d1b6ee54e14e8eb4648d4b448ee, type: 2}
    manualUV: 0
    elementGroup: -1
    textureGroup: -1
  - _indices: 060100000701000008010000070100000901000008010000
    _distinctIndices: 06010000070100000801000009010000
    _edges:
    - x: 262
      y: 263
    - x: 264
      y: 262
    - x: 263
      y: 265
    - x: 265
      y: 264
    _smoothingGroup: 0
    _uv:
      useWorldSpace: 0
      flipU: 0
      flipV: 0
      swapUV: 0
      fill: 1
      scale: {x: 1, y: 1}
      offset: {x: 0, y: 0}
      rotation: 0
      justify: 0
      localPivot: {x: -2.625, y: 8.25}
      localSize: {x: 0, y: 0}
      anchor: 9
    _mat: {fileID: 2100000, guid: 55296d1b6ee54e14e8eb4648d4b448ee, type: 2}
    manualUV: 0
    elementGroup: -1
    textureGroup: -1
  - _indices: 0a0100000b0100000c0100000b0100000d0100000c010000
    _distinctIndices: 0a0100000b0100000c0100000d010000
    _edges:
    - x: 266
      y: 267
    - x: 268
      y: 266
    - x: 267
      y: 269
    - x: 269
      y: 268
    _smoothingGroup: 0
    _uv:
      useWorldSpace: 0
      flipU: 0
      flipV: 0
      swapUV: 0
      fill: 1
      scale: {x: 1, y: 1}
      offset: {x: 0, y: 0}
      rotation: 0
      justify: 0
      localPivot: {x: -10.25, y: 8.25}
      localSize: {x: 0, y: 0}
      anchor: 9
    _mat: {fileID: 2100000, guid: 55296d1b6ee54e14e8eb4648d4b448ee, type: 2}
    manualUV: 0
    elementGroup: -1
    textureGroup: -1
  - _indices: 0e0100000f010000100100000f0100001101000010010000
    _distinctIndices: 0e0100000f0100001001000011010000
    _edges:
    - x: 270
      y: 271
    - x: 272
      y: 270
    - x: 271
      y: 273
    - x: 273
      y: 272
    _smoothingGroup: 0
    _uv:
      useWorldSpace: 0
      flipU: 0
      flipV: 0
      swapUV: 0
      fill: 1
      scale: {x: 1, y: 1}
      offset: {x: 0, y: 0}
      rotation: 0
      justify: 0
      localPivot: {x: -0.25, y: 8.25}
      localSize: {x: 0, y: 0}
      anchor: 9
    _mat: {fileID: 2100000, guid: 55296d1b6ee54e14e8eb4648d4b448ee, type: 2}
    manualUV: 0
    elementGroup: -1
    textureGroup: -1
  - _indices: 120100001301000014010000130100001501000014010000
    _distinctIndices: 12010000130100001401000015010000
    _edges:
    - x: 274
      y: 275
    - x: 276
      y: 274
    - x: 275
      y: 277
    - x: 277
      y: 276
    _smoothingGroup: 0
    _uv:
      useWorldSpace: 0
      flipU: 0
      flipV: 0
      swapUV: 0
      fill: 1
      scale: {x: 1, y: 1}
      offset: {x: 0, y: 0}
      rotation: 0
      justify: 0
      localPivot: {x: 4.375, y: 8.25}
      localSize: {x: 0, y: 0}
      anchor: 9
    _mat: {fileID: 2100000, guid: 55296d1b6ee54e14e8eb4648d4b448ee, type: 2}
    manualUV: 0
    elementGroup: -1
    textureGroup: -1
  - _indices: 160100001701000018010000170100001901000018010000
    _distinctIndices: 16010000170100001801000019010000
    _edges:
    - x: 278
      y: 279
    - x: 280
      y: 278
    - x: 279
      y: 281
    - x: 281
      y: 280
    _smoothingGroup: 0
    _uv:
      useWorldSpace: 0
      flipU: 0
      flipV: 0
      swapUV: 0
      fill: 1
      scale: {x: 1, y: 1}
      offset: {x: 0, y: 0}
      rotation: 0
      justify: 0
      localPivot: {x: -4.375, y: 8.25}
      localSize: {x: 0, y: 0}
      anchor: 9
    _mat: {fileID: 2100000, guid: 55296d1b6ee54e14e8eb4648d4b448ee, type: 2}
    manualUV: 0
    elementGroup: -1
    textureGroup: -1
  - _indices: 1a0100001b0100001c0100001b0100001d0100001c010000
    _distinctIndices: 1a0100001b0100001c0100001d010000
    _edges:
    - x: 282
      y: 283
    - x: 284
      y: 282
    - x: 283
      y: 285
    - x: 285
      y: 284
    _smoothingGroup: 0
    _uv:
      useWorldSpace: 0
      flipU: 0
      flipV: 0
      swapUV: 0
      fill: 1
      scale: {x: 1, y: 1}
      offset: {x: 0, y: 0}
      rotation: 0
      justify: 0
      localPivot: {x: 2.625, y: 8.25}
      localSize: {x: 0, y: 0}
      anchor: 9
    _mat: {fileID: 2100000, guid: 55296d1b6ee54e14e8eb4648d4b448ee, type: 2}
    manualUV: 0
    elementGroup: -1
    textureGroup: -1
  - _indices: 1e0100001f010000200100001f0100002101000020010000
    _distinctIndices: 1e0100001f0100002001000021010000
    _edges:
    - x: 286
      y: 287
    - x: 288
      y: 286
    - x: 287
      y: 289
    - x: 289
      y: 288
    _smoothingGroup: 0
    _uv:
      useWorldSpace: 0
      flipU: 0
      flipV: 0
      swapUV: 0
      fill: 1
      scale: {x: 1, y: 1}
      offset: {x: 0, y: 0}
      rotation: 0
      justify: 0
      localPivot: {x: -2.625, y: 8.25}
      localSize: {x: 0, y: 0}
      anchor: 9
    _mat: {fileID: 2100000, guid: 55296d1b6ee54e14e8eb4648d4b448ee, type: 2}
    manualUV: 0
    elementGroup: -1
    textureGroup: -1
  - _indices: 220100002301000024010000230100002501000024010000
    _distinctIndices: 22010000230100002401000025010000
    _edges:
    - x: 290
      y: 291
    - x: 292
      y: 290
    - x: 291
      y: 293
    - x: 293
      y: 292
    _smoothingGroup: 0
    _uv:
      useWorldSpace: 0
      flipU: 0
      flipV: 0
      swapUV: 0
      fill: 1
      scale: {x: 1, y: 1}
      offset: {x: 0, y: 0}
      rotation: 0
      justify: 0
      localPivot: {x: 0.25, y: 8.25}
      localSize: {x: 0, y: 0}
      anchor: 9
    _mat: {fileID: 2100000, guid: 55296d1b6ee54e14e8eb4648d4b448ee, type: 2}
    manualUV: 0
    elementGroup: -1
    textureGroup: -1
  _sharedIndices:
  - array: 0000000015000000ba000000
  - array: 010000000d000000b9000000
  - array: 020000000500000016000000
  - array: 03000000060000000c000000
  - array: 04000000170000001e000000
  - array: 070000000b0000002e000000
  - array: 080000002b0000002d000000
  - array: 09000000220000002a000000
  - array: 0a0000001f00000021000000
  - array: 0e000000b8000000c0000000
  - array: 0f000000c4000000f6000000ff000000
  - array: 33000000f800000001010000
  - array: 10000000fe00000007010000
  - array: 25000000320000000001000009010000
  - array: 110000002f000000060100000b010000
  - array: 28000000080100000d010000
  - array: 12000000130100001a010000
  - array: 1a00000036000000150100001c010000
  - array: 13000000e70000000f01000012010000
  - array: 350000001101000014010000
  - array: 14000000bb000000e6000000
  - array: 180000001d0000001b01000022010000
  - array: 1b0000001d01000024010000
  - array: 19000000370000001801000021010000
  - array: 7a00000083000000160100001f010000
  - array: 1c0000002001000025010000
  - array: 2000000024000000840000008d0000001e01000023010000
  - array: 23000000290000008e00000092000000
  - array: 2600000031000000fd00000004010000
  - array: 7e00000089000000fb00000002010000
  - array: 27000000050100000c010000
  - array: 2c000000300000008800000093000000030100000a010000
  - array: 34000000f9000000fc000000
  - array: 7f000000c3000000d2000000f2000000f7000000fa000000
  - array: 380000001001000019010000
  - array: 79000000de000000e8000000ee0000000e01000017010000
  - array: 390000004e0000006200000076000000
  - array: 3a000000750000009e000000a5000000
  - array: 3b000000a6000000ad000000
  - array: 3c0000004f000000ae000000b1000000
  - array: 3d000000730000009c000000a3000000
  - array: 3e000000720000007b00000087000000
  - array: 3f0000004100000086000000
  - array: 400000004400000048000000a4000000ab000000
  - array: 420000008500000091000000
  - array: 430000004500000090000000
  - array: 46000000520000008f00000096000000
  - array: 4700000051000000ac000000af000000
  - array: 4900000066000000820000008a000000
  - array: 4a000000650000009f000000a8000000
  - array: 4b0000005400000058000000a7000000b0000000
  - array: 4c000000570000008b000000
  - array: 4d00000063000000a1000000aa000000
  - array: 50000000a9000000b2000000
  - array: 530000005500000095000000
  - array: 560000008c00000094000000
  - array: 5900000080000000f1000000
  - array: 5a0000005d000000f0000000
  - array: 5b0000006000000068000000a0000000b3000000
  - array: 5c0000006700000081000000
  - array: 5e00000069000000eb000000f5000000
  - array: 5f0000006c00000097000000b4000000
  - array: 610000007700000099000000b6000000
  - array: 64000000a2000000b5000000
  - array: 6a0000006d000000ea000000
  - array: 6b0000007000000074000000980000009b000000
  - array: 6e0000007d000000ef000000
  - array: 6f000000710000007c000000
  - array: 780000009a0000009d000000
  - array: b7000000c1000000c5000000
  - array: bc000000da000000e5000000
  - array: bd000000d6000000d9000000
  - array: be000000ca000000d5000000
  - array: bf000000c6000000c9000000
  - array: c2000000c8000000d3000000
  - array: c7000000cc000000d0000000d4000000
  - array: cb000000cd000000d8000000e3000000
  - array: ce000000e2000000ec000000f4000000
  - array: cf000000d1000000f3000000
  - array: d7000000dc000000e0000000e4000000
  - array: db000000dd000000e9000000
  - array: df000000e1000000ed000000
  _vertices:
  - {x: -3, y: 0, z: -7}
  - {x: 13, y: 0, z: -7}
  - {x: -3, y: 0, z: 0}
  - {x: 13, y: 0, z: 0}
  - {x: -3, y: 5, z: 0}
  - {x: -3, y: 0, z: 0}
  - {x: 13, y: 0, z: 0}
  - {x: 13, y: 5, z: 0}
  - {x: 7.5, y: 5, z: 0}
  - {x: 5, y: 5, z: 0}
  - {x: 2.5, y: 5, z: 0}
  - {x: 13, y: 5, z: 0}
  - {x: 13, y: 0, z: 0}
  - {x: 13, y: 0, z: -7}
  - {x: 13, y: 5, z: -7}
  - {x: 13, y: 5, z: -5.25}
  - {x: 13, y: 5, z: -3.5}
  - {x: 13, y: 5, z: -1.75}
  - {x: -3, y: 5, z: -3.5}
  - {x: -3, y: 5, z: -5.25}
  - {x: -3, y: 5, z: -7}
  - {x: -3, y: 0, z: -7}
  - {x: -3, y: 0, z: 0}
  - {x: -3, y: 5, z: 0}
  - {x: -3, y: 5, z: -1.75}
  - {x: 2.5, y: 11.5, z: -3.5}
  - {x: -3, y: 11.5, z: -3.5}
  - {x: -3, y: 11.5, z: -1.75}
  - {x: 2.5, y: 11.5, z: -1.75}
  - {x: -3, y: 5, z: -1.75}
  - {x: -3, y: 5, z: 0}
  - {x: 2.5, y: 5, z: 0}
  - {x: 2.5, y: 5, z: -1.75}
  - {x: 2.5, y: 5, z: 0}
  - {x: 5, y: 5, z: 0}
  - {x: 5, y: 5, z: -1.75}
  - {x: 2.5, y: 5, z: -1.75}
  - {x: 13, y: 11.5, z: -3.5}
  - {x: 7.5, y: 11.5, z: -3.5}
  - {x: 7.5, y: 11.5, z: -1.75}
  - {x: 13, y: 11.5, z: -1.75}
  - {x: 5, y: 5, z: -1.75}
  - {x: 5, y: 5, z: 0}
  - {x: 7.5, y: 5, z: 0}
  - {x: 7.5, y: 5, z: -1.75}
  - {x: 7.5, y: 5, z: 0}
  - {x: 13, y: 5, z: 0}
  - {x: 13, y: 5, z: -1.75}
  - {x: 7.5, y: 5, z: -1.75}
  - {x: 7.5, y: 11.5, z: -3.5}
  - {x: 13, y: 11.5, z: -3.5}
  - {x: 13, y: 11.5, z: -5.25}
  - {x: 7.5, y: 11.5, z: -5.25}
  - {x: -3, y: 11.5, z: -5.25}
  - {x: -3, y: 11.5, z: -3.5}
  - {x: 2.5, y: 11.5, z: -3.5}
  - {x: 2.5, y: 11.5, z: -5.25}
  - {x: 5, y: 6, z: -3.5}
  - {x: 3.75, y: 6, z: -3.5}
  - {x: 3.75, y: 6, z: -2.625}
  - {x: 5, y: 6, z: -2.625}
  - {x: 3.75, y: 5.5, z: -3.5}
  - {x: 2.5, y: 5.5, z: -3.5}
  - {x: 2.5, y: 5.5, z: -2.625}
  - {x: 3.75, y: 5.5, z: -2.625}
  - {x: 2.5, y: 5.5, z: -2.625}
  - {x: 2.5, y: 5.5, z: -1.75}
  - {x: 3.75, y: 5.5, z: -1.75}
  - {x: 3.75, y: 5.5, z: -2.625}
  - {x: 3.75, y: 5.5, z: -1.75}
  - {x: 5, y: 5.5, z: -1.75}
  - {x: 5, y: 5.5, z: -2.625}
  - {x: 3.75, y: 5.5, z: -2.625}
  - {x: 7.5, y: 5.5, z: -3.5}
  - {x: 6.25, y: 5.5, z: -3.5}
  - {x: 6.25, y: 5.5, z: -2.625}
  - {x: 7.5, y: 5.5, z: -2.625}
  - {x: 6.25, y: 6, z: -3.5}
  - {x: 5, y: 6, z: -3.5}
  - {x: 5, y: 6, z: -2.625}
  - {x: 6.25, y: 6, z: -2.625}
  - {x: 5, y: 5.5, z: -2.625}
  - {x: 5, y: 5.5, z: -1.75}
  - {x: 6.25, y: 5.5, z: -1.75}
  - {x: 6.25, y: 5.5, z: -2.625}
  - {x: 6.25, y: 5.5, z: -1.75}
  - {x: 7.5, y: 5.5, z: -1.75}
  - {x: 7.5, y: 5.5, z: -2.625}
  - {x: 6.25, y: 5.5, z: -2.625}
  - {x: 7.5, y: 5.5, z: -5.25}
  - {x: 6.25, y: 5.5, z: -5.25}
  - {x: 6.25, y: 5.5, z: -4.375}
  - {x: 7.5, y: 5.5, z: -4.375}
  - {x: 6.25, y: 5.5, z: -5.25}
  - {x: 5, y: 5.5, z: -5.25}
  - {x: 5, y: 5.5, z: -4.375}
  - {x: 6.25, y: 5.5, z: -4.375}
  - {x: 5, y: 6, z: -4.375}
  - {x: 5, y: 6, z: -3.5}
  - {x: 6.25, y: 6, z: -3.5}
  - {x: 6.25, y: 6, z: -4.375}
  - {x: 6.25, y: 5.5, z: -3.5}
  - {x: 7.5, y: 5.5, z: -3.5}
  - {x: 7.5, y: 5.5, z: -4.375}
  - {x: 6.25, y: 5.5, z: -4.375}
  - {x: 5, y: 5.5, z: -5.25}
  - {x: 3.75, y: 5.5, z: -5.25}
  - {x: 3.75, y: 5.5, z: -4.375}
  - {x: 5, y: 5.5, z: -4.375}
  - {x: 3.75, y: 5.5, z: -5.25}
  - {x: 2.5, y: 5.5, z: -5.25}
  - {x: 2.5, y: 5.5, z: -4.375}
  - {x: 3.75, y: 5.5, z: -4.375}
  - {x: 2.5, y: 5.5, z: -4.375}
  - {x: 2.5, y: 5.5, z: -3.5}
  - {x: 3.75, y: 5.5, z: -3.5}
  - {x: 3.75, y: 5.5, z: -4.375}
  - {x: 3.75, y: 6, z: -3.5}
  - {x: 5, y: 6, z: -3.5}
  - {x: 5, y: 6, z: -4.375}
  - {x: 3.75, y: 6, z: -4.375}
  - {x: 2.5, y: 5, z: -5.25}
  - {x: 2.5, y: 5, z: -3.5}
  - {x: 2.5, y: 5.5, z: -3.5}
  - {x: 2.5, y: 5.5, z: -4.375}
  - {x: 2.5, y: 5.5, z: -5.25}
  - {x: 7.5, y: 5, z: -3.5}
  - {x: 7.5, y: 5, z: -5.25}
  - {x: 7.5, y: 5.5, z: -5.25}
  - {x: 7.5, y: 5.5, z: -4.375}
  - {x: 7.5, y: 5.5, z: -3.5}
  - {x: 2.5, y: 5, z: -3.5}
  - {x: 2.5, y: 5, z: -1.75}
  - {x: 2.5, y: 5.5, z: -1.75}
  - {x: 2.5, y: 5.5, z: -2.625}
  - {x: 2.5, y: 5.5, z: -3.5}
  - {x: 7.5, y: 5, z: -1.75}
  - {x: 7.5, y: 5, z: -3.5}
  - {x: 7.5, y: 5.5, z: -3.5}
  - {x: 7.5, y: 5.5, z: -2.625}
  - {x: 7.5, y: 5.5, z: -1.75}
  - {x: 2.5, y: 5, z: -1.75}
  - {x: 5, y: 5, z: -1.75}
  - {x: 5, y: 5.5, z: -1.75}
  - {x: 3.75, y: 5.5, z: -1.75}
  - {x: 2.5, y: 5.5, z: -1.75}
  - {x: 5, y: 5, z: -1.75}
  - {x: 7.5, y: 5, z: -1.75}
  - {x: 7.5, y: 5.5, z: -1.75}
  - {x: 6.25, y: 5.5, z: -1.75}
  - {x: 5, y: 5.5, z: -1.75}
  - {x: 5, y: 5.5, z: -4.375}
  - {x: 3.75, y: 5.5, z: -4.375}
  - {x: 5, y: 6, z: -4.375}
  - {x: 3.75, y: 6, z: -4.375}
  - {x: 3.75, y: 5.5, z: -4.375}
  - {x: 3.75, y: 5.5, z: -3.5}
  - {x: 3.75, y: 6, z: -4.375}
  - {x: 3.75, y: 6, z: -3.5}
  - {x: 6.25, y: 5.5, z: -3.5}
  - {x: 6.25, y: 5.5, z: -4.375}
  - {x: 6.25, y: 6, z: -3.5}
  - {x: 6.25, y: 6, z: -4.375}
  - {x: 3.75, y: 5.5, z: -3.5}
  - {x: 3.75, y: 5.5, z: -2.625}
  - {x: 3.75, y: 6, z: -3.5}
  - {x: 3.75, y: 6, z: -2.625}
  - {x: 6.25, y: 5.5, z: -2.625}
  - {x: 6.25, y: 5.5, z: -3.5}
  - {x: 6.25, y: 6, z: -2.625}
  - {x: 6.25, y: 6, z: -3.5}
  - {x: 3.75, y: 5.5, z: -2.625}
  - {x: 5, y: 5.5, z: -2.625}
  - {x: 3.75, y: 6, z: -2.625}
  - {x: 5, y: 6, z: -2.625}
  - {x: 5, y: 5.5, z: -2.625}
  - {x: 6.25, y: 5.5, z: -2.625}
  - {x: 5, y: 6, z: -2.625}
  - {x: 6.25, y: 6, z: -2.625}
  - {x: 6.25, y: 5.5, z: -4.375}
  - {x: 5, y: 5.5, z: -4.375}
  - {x: 6.25, y: 6, z: -4.375}
  - {x: 5, y: 6, z: -4.375}
  - {x: 7.5, y: 5, z: -7}
  - {x: 13, y: 5, z: -7}
  - {x: 13, y: 0, z: -7}
  - {x: -3, y: 0, z: -7}
  - {x: -3, y: 5, z: -7}
  - {x: 2.5, y: 5, z: -7}
  - {x: 3.75, y: 5, z: -7}
  - {x: 5, y: 5, z: -7}
  - {x: 6.25, y: 5, z: -7}
  - {x: 13, y: 5, z: -7}
  - {x: 7.5, y: 5, z: -7}
  - {x: 7.5, y: 5, z: -6.125}
  - {x: 7.5, y: 5, z: -5.25}
  - {x: 13, y: 5, z: -5.25}
  - {x: 7.5, y: 5, z: -7}
  - {x: 6.25, y: 5, z: -7}
  - {x: 6.25, y: 5, z: -6.125}
  - {x: 7.5, y: 5, z: -6.125}
  - {x: 6.25, y: 5, z: -7}
  - {x: 5, y: 5, z: -7}
  - {x: 5, y: 5, z: -6.125}
  - {x: 6.25, y: 5, z: -6.125}
  - {x: 5, y: 5, z: -6.125}
  - {x: 5, y: 5, z: -5.25}
  - {x: 6.25, y: 5, z: -5.25}
  - {x: 6.25, y: 5, z: -6.125}
  - {x: 6.25, y: 5, z: -5.25}
  - {x: 7.5, y: 5, z: -5.25}
  - {x: 7.5, y: 5, z: -6.125}
  - {x: 6.25, y: 5, z: -6.125}
  - {x: 5, y: 5, z: -7}
  - {x: 3.75, y: 5, z: -7}
  - {x: 3.75, y: 5, z: -6.125}
  - {x: 5, y: 5, z: -6.125}
  - {x: 3.75, y: 5, z: -7}
  - {x: 2.5, y: 5, z: -7}
  - {x: 2.5, y: 5, z: -6.125}
  - {x: 3.75, y: 5, z: -6.125}
  - {x: 2.5, y: 5, z: -6.125}
  - {x: 2.5, y: 5, z: -5.25}
  - {x: 3.75, y: 5, z: -5.25}
  - {x: 3.75, y: 5, z: -6.125}
  - {x: 3.75, y: 5, z: -5.25}
  - {x: 5, y: 5, z: -5.25}
  - {x: 5, y: 5, z: -6.125}
  - {x: 3.75, y: 5, z: -6.125}
  - {x: 2.5, y: 5, z: -7}
  - {x: -3, y: 5, z: -7}
  - {x: -3, y: 5, z: -5.25}
  - {x: 2.5, y: 5, z: -5.25}
  - {x: 2.5, y: 5, z: -6.125}
  - {x: 3.75, y: 5.5, z: -5.25}
  - {x: 5, y: 5.5, z: -5.25}
  - {x: 5, y: 5, z: -5.25}
  - {x: 3.75, y: 5, z: -5.25}
  - {x: 2.5, y: 5, z: -5.25}
  - {x: 2.5, y: 5.5, z: -5.25}
  - {x: 6.25, y: 5.5, z: -5.25}
  - {x: 7.5, y: 5.5, z: -5.25}
  - {x: 7.5, y: 5, z: -5.25}
  - {x: 6.25, y: 5, z: -5.25}
  - {x: 5, y: 5, z: -5.25}
  - {x: 5, y: 5.5, z: -5.25}
  - {x: 13, y: 5, z: -5.25}
  - {x: 7.5, y: 5, z: -5.25}
  - {x: 13, y: 11.5, z: -5.25}
  - {x: 7.5, y: 11.5, z: -5.25}
  - {x: 7.5, y: 5, z: -5.25}
  - {x: 7.5, y: 5, z: -3.5}
  - {x: 7.5, y: 11.5, z: -5.25}
  - {x: 7.5, y: 11.5, z: -3.5}
  - {x: 13, y: 5, z: -3.5}
  - {x: 13, y: 5, z: -5.25}
  - {x: 13, y: 11.5, z: -3.5}
  - {x: 13, y: 11.5, z: -5.25}
  - {x: 7.5, y: 5, z: -3.5}
  - {x: 7.5, y: 5, z: -1.75}
  - {x: 7.5, y: 11.5, z: -3.5}
  - {x: 7.5, y: 11.5, z: -1.75}
  - {x: 13, y: 5, z: -1.75}
  - {x: 13, y: 5, z: -3.5}
  - {x: 13, y: 11.5, z: -1.75}
  - {x: 13, y: 11.5, z: -3.5}
  - {x: 7.5, y: 5, z: -1.75}
  - {x: 13, y: 5, z: -1.75}
  - {x: 7.5, y: 11.5, z: -1.75}
  - {x: 13, y: 11.5, z: -1.75}
  - {x: 2.5, y: 5, z: -5.25}
  - {x: -3, y: 5, z: -5.25}
  - {x: 2.5, y: 11.5, z: -5.25}
  - {x: -3, y: 11.5, z: -5.25}
  - {x: -3, y: 5, z: -5.25}
  - {x: -3, y: 5, z: -3.5}
  - {x: -3, y: 11.5, z: -5.25}
  - {x: -3, y: 11.5, z: -3.5}
  - {x: 2.5, y: 5, z: -3.5}
  - {x: 2.5, y: 5, z: -5.25}
  - {x: 2.5, y: 11.5, z: -3.5}
  - {x: 2.5, y: 11.5, z: -5.25}
  - {x: -3, y: 5, z: -3.5}
  - {x: -3, y: 5, z: -1.75}
  - {x: -3, y: 11.5, z: -3.5}
  - {x: -3, y: 11.5, z: -1.75}
  - {x: 2.5, y: 5, z: -1.75}
  - {x: 2.5, y: 5, z: -3.5}
  - {x: 2.5, y: 11.5, z: -1.75}
  - {x: 2.5, y: 11.5, z: -3.5}
  - {x: -3, y: 5, z: -1.75}
  - {x: 2.5, y: 5, z: -1.75}
  - {x: -3, y: 11.5, z: -1.75}
  - {x: 2.5, y: 11.5, z: -1.75}
  _uv:
  - {x: 3, y: -7}
  - {x: -13, y: -7}
  - {x: 3, y: 0}
  - {x: -13, y: 0}
  - {x: 3, y: 5}
  - {x: 3, y: 0}
  - {x: -13, y: 0}
  - {x: -13, y: 5}
  - {x: -7.5, y: 5}
  - {x: -5, y: 5}
  - {x: -2.5, y: 5}
  - {x: 0, y: 5}
  - {x: 0, y: 0}
  - {x: -7, y: 0}
  - {x: -7, y: 5}
  - {x: -5.25, y: 5}
  - {x: -3.5, y: 5}
  - {x: -1.75, y: 5}
  - {x: 3.5, y: 5}
  - {x: 5.25, y: 5}
  - {x: 7, y: 5}
  - {x: 7, y: 0}
  - {x: 0, y: 0}
  - {x: 0, y: 5}
  - {x: 1.75, y: 5}
  - {x: 2.5, y: -3.5}
  - {x: -3, y: -3.5}
  - {x: -3, y: -1.75}
  - {x: 2.5, y: -1.75}
  - {x: -3, y: -1.75}
  - {x: -3, y: 0}
  - {x: 2.5, y: 0}
  - {x: 2.5, y: -1.75}
  - {x: 2.5, y: 0}
  - {x: 5, y: 0}
  - {x: 5, y: -1.75}
  - {x: 2.5, y: -1.75}
  - {x: 13, y: -3.5}
  - {x: 7.5, y: -3.5}
  - {x: 7.5, y: -1.75}
  - {x: 13, y: -1.75}
  - {x: 5, y: -1.75}
  - {x: 5, y: 0}
  - {x: 7.5, y: 0}
  - {x: 7.5, y: -1.75}
  - {x: 7.5, y: 0}
  - {x: 13, y: 0}
  - {x: 13, y: -1.75}
  - {x: 7.5, y: -1.75}
  - {x: 7.5, y: -3.5}
  - {x: 13, y: -3.5}
  - {x: 13, y: -5.25}
  - {x: 7.5, y: -5.25}
  - {x: -3, y: -5.25}
  - {x: -3, y: -3.5}
  - {x: 2.5, y: -3.5}
  - {x: 2.5, y: -5.25}
  - {x: 5, y: -3.5}
  - {x: 3.75, y: -3.5}
  - {x: 3.75, y: -2.625}
  - {x: 5, y: -2.625}
  - {x: 3.75, y: -3.5}
  - {x: 2.5, y: -3.5}
  - {x: 2.5, y: -2.625}
  - {x: 3.75, y: -2.625}
  - {x: 2.5, y: -2.625}
  - {x: 2.5, y: -1.75}
  - {x: 3.75, y: -1.75}
  - {x: 3.75, y: -2.625}
  - {x: 3.75, y: -1.75}
  - {x: 5, y: -1.75}
  - {x: 5, y: -2.625}
  - {x: 3.75, y: -2.625}
  - {x: 7.5, y: -3.5}
  - {x: 6.25, y: -3.5}
  - {x: 6.25, y: -2.625}
  - {x: 7.5, y: -2.625}
  - {x: 6.25, y: -3.5}
  - {x: 5, y: -3.5}
  - {x: 5, y: -2.625}
  - {x: 6.25, y: -2.625}
  - {x: 5, y: -2.625}
  - {x: 5, y: -1.75}
  - {x: 6.25, y: -1.75}
  - {x: 6.25, y: -2.625}
  - {x: 6.25, y: -1.75}
  - {x: 7.5, y: -1.75}
  - {x: 7.5, y: -2.625}
  - {x: 6.25, y: -2.625}
  - {x: 7.5, y: -5.25}
  - {x: 6.25, y: -5.25}
  - {x: 6.25, y: -4.375}
  - {x: 7.5, y: -4.375}
  - {x: 6.25, y: -5.25}
  - {x: 5, y: -5.25}
  - {x: 5, y: -4.375}
  - {x: 6.25, y: -4.375}
  - {x: 5, y: -4.375}
  - {x: 5, y: -3.5}
  - {x: 6.25, y: -3.5}
  - {x: 6.25, y: -4.375}
  - {x: 6.25, y: -3.5}
  - {x: 7.5, y: -3.5}
  - {x: 7.5, y: -4.375}
  - {x: 6.25, y: -4.375}
  - {x: 5, y: -5.25}
  - {x: 3.75, y: -5.25}
  - {x: 3.75, y: -4.375}
  - {x: 5, y: -4.375}
  - {x: 3.75, y: -5.25}
  - {x: 2.5, y: -5.25}
  - {x: 2.5, y: -4.375}
  - {x: 3.75, y: -4.375}
  - {x: 2.5, y: -4.375}
  - {x: 2.5, y: -3.5}
  - {x: 3.75, y: -3.5}
  - {x: 3.75, y: -4.375}
  - {x: 3.75, y: -3.5}
  - {x: 5, y: -3.5}
  - {x: 5, y: -4.375}
  - {x: 3.75, y: -4.375}
  - {x: 5.25, y: 5}
  - {x: 3.5, y: 5}
  - {x: 3.5, y: 5.5}
  - {x: 4.375, y: 5.5}
  - {x: 5.25, y: 5.5}
  - {x: -3.5, y: 5}
  - {x: -5.25, y: 5}
  - {x: -5.25, y: 5.5}
  - {x: -4.375, y: 5.5}
  - {x: -3.5, y: 5.5}
  - {x: 3.5, y: 5}
  - {x: 1.75, y: 5}
  - {x: 1.75, y: 5.5}
  - {x: 2.625, y: 5.5}
  - {x: 3.5, y: 5.5}
  - {x: -1.75, y: 5}
  - {x: -3.5, y: 5}
  - {x: -3.5, y: 5.5}
  - {x: -2.625, y: 5.5}
  - {x: -1.75, y: 5.5}
  - {x: -2.5, y: 5}
  - {x: -5, y: 5}
  - {x: -5, y: 5.5}
  - {x: -3.75, y: 5.5}
  - {x: -2.5, y: 5.5}
  - {x: -5, y: 5}
  - {x: -7.5, y: 5}
  - {x: -7.5, y: 5.5}
  - {x: -6.25, y: 5.5}
  - {x: -5, y: 5.5}
  - {x: 5, y: 5.5}
  - {x: 3.75, y: 5.5}
  - {x: 5, y: 6}
  - {x: 3.75, y: 6}
  - {x: 4.375, y: 5.5}
  - {x: 3.5, y: 5.5}
  - {x: 4.375, y: 6}
  - {x: 3.5, y: 6}
  - {x: -3.5, y: 5.5}
  - {x: -4.375, y: 5.5}
  - {x: -3.5, y: 6}
  - {x: -4.375, y: 6}
  - {x: 3.5, y: 5.5}
  - {x: 2.625, y: 5.5}
  - {x: 3.5, y: 6}
  - {x: 2.625, y: 6}
  - {x: -2.625, y: 5.5}
  - {x: -3.5, y: 5.5}
  - {x: -2.625, y: 6}
  - {x: -3.5, y: 6}
  - {x: -3.75, y: 5.5}
  - {x: -5, y: 5.5}
  - {x: -3.75, y: 6}
  - {x: -5, y: 6}
  - {x: -5, y: 5.5}
  - {x: -6.25, y: 5.5}
  - {x: -5, y: 6}
  - {x: -6.25, y: 6}
  - {x: 6.25, y: 5.5}
  - {x: 5, y: 5.5}
  - {x: 6.25, y: 6}
  - {x: 5, y: 6}
  - {x: 7.5, y: 5}
  - {x: 13, y: 5}
  - {x: 13, y: 0}
  - {x: -3, y: 0}
  - {x: -3, y: 5}
  - {x: 2.5, y: 5}
  - {x: 3.75, y: 5}
  - {x: 5, y: 5}
  - {x: 6.25, y: 5}
  - {x: 13, y: -7}
  - {x: 7.5, y: -7}
  - {x: 7.5, y: -6.125}
  - {x: 7.5, y: -5.25}
  - {x: 13, y: -5.25}
  - {x: 7.5, y: -7}
  - {x: 6.25, y: -7}
  - {x: 6.25, y: -6.125}
  - {x: 7.5, y: -6.125}
  - {x: 6.25, y: -7}
  - {x: 5, y: -7}
  - {x: 5, y: -6.125}
  - {x: 6.25, y: -6.125}
  - {x: 5, y: -6.125}
  - {x: 5, y: -5.25}
  - {x: 6.25, y: -5.25}
  - {x: 6.25, y: -6.125}
  - {x: 6.25, y: -5.25}
  - {x: 7.5, y: -5.25}
  - {x: 7.5, y: -6.125}
  - {x: 6.25, y: -6.125}
  - {x: 5, y: -7}
  - {x: 3.75, y: -7}
  - {x: 3.75, y: -6.125}
  - {x: 5, y: -6.125}
  - {x: 3.75, y: -7}
  - {x: 2.5, y: -7}
  - {x: 2.5, y: -6.125}
  - {x: 3.75, y: -6.125}
  - {x: 2.5, y: -6.125}
  - {x: 2.5, y: -5.25}
  - {x: 3.75, y: -5.25}
  - {x: 3.75, y: -6.125}
  - {x: 3.75, y: -5.25}
  - {x: 5, y: -5.25}
  - {x: 5, y: -6.125}
  - {x: 3.75, y: -6.125}
  - {x: 2.5, y: -7}
  - {x: -3, y: -7}
  - {x: -3, y: -5.25}
  - {x: 2.5, y: -5.25}
  - {x: 2.5, y: -6.125}
  - {x: 3.75, y: 5.5}
  - {x: 5, y: 5.5}
  - {x: 5, y: 5}
  - {x: 3.75, y: 5}
  - {x: 2.5, y: 5}
  - {x: 2.5, y: 5.5}
  - {x: 6.25, y: 5.5}
  - {x: 7.5, y: 5.5}
  - {x: 7.5, y: 5}
  - {x: 6.25, y: 5}
  - {x: 5, y: 5}
  - {x: 5, y: 5.5}
  - {x: 13, y: 5}
  - {x: 7.5, y: 5}
  - {x: 13, y: 11.5}
  - {x: 7.5, y: 11.5}
  - {x: 5.25, y: 5}
  - {x: 3.5, y: 5}
  - {x: 5.25, y: 11.5}
  - {x: 3.5, y: 11.5}
  - {x: -3.5, y: 5}
  - {x: -5.25, y: 5}
  - {x: -3.5, y: 11.5}
  - {x: -5.25, y: 11.5}
  - {x: 3.5, y: 5}
  - {x: 1.75, y: 5}
  - {x: 3.5, y: 11.5}
  - {x: 1.75, y: 11.5}
  - {x: -1.75, y: 5}
  - {x: -3.5, y: 5}
  - {x: -1.75, y: 11.5}
  - {x: -3.5, y: 11.5}
  - {x: -7.5, y: 5}
  - {x: -13, y: 5}
  - {x: -7.5, y: 11.5}
  - {x: -13, y: 11.5}
  - {x: 2.5, y: 5}
  - {x: -3, y: 5}
  - {x: 2.5, y: 11.5}
  - {x: -3, y: 11.5}
  - {x: 5.25, y: 5}
  - {x: 3.5, y: 5}
  - {x: 5.25, y: 11.5}
  - {x: 3.5, y: 11.5}
  - {x: -3.5, y: 5}
  - {x: -5.25, y: 5}
  - {x: -3.5, y: 11.5}
  - {x: -5.25, y: 11.5}
  - {x: 3.5, y: 5}
  - {x: 1.75, y: 5}
  - {x: 3.5, y: 11.5}
  - {x: 1.75, y: 11.5}
  - {x: -1.75, y: 5}
  - {x: -3.5, y: 5}
  - {x: -1.75, y: 11.5}
  - {x: -3.5, y: 11.5}
  - {x: 3, y: 5}
  - {x: -2.5, y: 5}
  - {x: 3, y: 11.5}
  - {x: -2.5, y: 11.5}
  _uv3:
  - {x: 0, y: 0, z: 0, w: 0}
  - {x: 0, y: 0, z: 0, w: 0}
  - {x: 0, y: 0, z: 0, w: 0}
  - {x: 0, y: 0, z: 0, w: 0}
  - {x: 0, y: 0, z: 0, w: 0}
  - {x: 0, y: 0, z: 0, w: 0}
  - {x: 0, y: 0, z: 0, w: 0}
  - {x: 0, y: 0, z: 0, w: 0}
  - {x: 0, y: 0, z: 0, w: 0}
  - {x: 0, y: 0, z: 0, w: 0}
  - {x: 0, y: 0, z: 0, w: 0}
  - {x: 0, y: 0, z: 0, w: 0}
  - {x: 0, y: 0, z: 0, w: 0}
  - {x: 0, y: 0, z: 0, w: 0}
  - {x: 0, y: 0, z: 0, w: 0}
  - {x: 0, y: 0, z: 0, w: 0}
  - {x: 0, y: 0, z: 0, w: 0}
  - {x: 0, y: 0, z: 0, w: 0}
  - {x: 0, y: 0, z: 0, w: 0}
  - {x: 0, y: 0, z: 0, w: 0}
  - {x: 0, y: 0, z: 0, w: 0}
  - {x: 0, y: 0, z: 0, w: 0}
  - {x: 0, y: 0, z: 0, w: 0}
  - {x: 0, y: 0, z: 0, w: 0}
  - {x: 0, y: 0, z: 0, w: 0}
  - {x: 0, y: 0, z: 0, w: 0}
  - {x: 0, y: 0, z: 0, w: 0}
  - {x: 0, y: 0, z: 0, w: 0}
  - {x: 0, y: 0, z: 0, w: 0}
  - {x: 0, y: 0, z: 0, w: 0}
  - {x: 0, y: 0, z: 0, w: 0}
  - {x: 0, y: 0, z: 0, w: 0}
  - {x: 0, y: 0, z: 0, w: 0}
  - {x: 0, y: 0, z: 0, w: 0}
  - {x: 0, y: 0, z: 0, w: 0}
  - {x: 0, y: 0, z: 0, w: 0}
  - {x: 0, y: 0, z: 0, w: 0}
  - {x: 0, y: 0, z: 0, w: 0}
  - {x: 0, y: 0, z: 0, w: 0}
  - {x: 0, y: 0, z: 0, w: 0}
  - {x: 0, y: 0, z: 0, w: 0}
  - {x: 0, y: 0, z: 0, w: 0}
  - {x: 0, y: 0, z: 0, w: 0}
  - {x: 0, y: 0, z: 0, w: 0}
  - {x: 0, y: 0, z: 0, w: 0}
  - {x: 0, y: 0, z: 0, w: 0}
  - {x: 0, y: 0, z: 0, w: 0}
  - {x: 0, y: 0, z: 0, w: 0}
  - {x: 0, y: 0, z: 0, w: 0}
  - {x: 0, y: 0, z: 0, w: 0}
  - {x: 0, y: 0, z: 0, w: 0}
  - {x: 0, y: 0, z: 0, w: 0}
  - {x: 0, y: 0, z: 0, w: 0}
  - {x: 0, y: 0, z: 0, w: 0}
  - {x: 0, y: 0, z: 0, w: 0}
  - {x: 0, y: 0, z: 0, w: 0}
  - {x: 0, y: 0, z: 0, w: 0}
  - {x: 0, y: 0, z: 0, w: 0}
  - {x: 0, y: 0, z: 0, w: 0}
  - {x: 0, y: 0, z: 0, w: 0}
  - {x: 0, y: 0, z: 0, w: 0}
  - {x: 0, y: 0, z: 0, w: 0}
  - {x: 0, y: 0, z: 0, w: 0}
  - {x: 0, y: 0, z: 0, w: 0}
  - {x: 0, y: 0, z: 0, w: 0}
  - {x: 0, y: 0, z: 0, w: 0}
  - {x: 0, y: 0, z: 0, w: 0}
  - {x: 0, y: 0, z: 0, w: 0}
  - {x: 0, y: 0, z: 0, w: 0}
  - {x: 0, y: 0, z: 0, w: 0}
  - {x: 0, y: 0, z: 0, w: 0}
  - {x: 0, y: 0, z: 0, w: 0}
  - {x: 0, y: 0, z: 0, w: 0}
  - {x: 0, y: 0, z: 0, w: 0}
  - {x: 0, y: 0, z: 0, w: 0}
  - {x: 0, y: 0, z: 0, w: 0}
  - {x: 0, y: 0, z: 0, w: 0}
  - {x: 0, y: 0, z: 0, w: 0}
  - {x: 0, y: 0, z: 0, w: 0}
  - {x: 0, y: 0, z: 0, w: 0}
  - {x: 0, y: 0, z: 0, w: 0}
  - {x: 0, y: 0, z: 0, w: 0}
  - {x: 0, y: 0, z: 0, w: 0}
  - {x: 0, y: 0, z: 0, w: 0}
  - {x: 0, y: 0, z: 0, w: 0}
  - {x: 0, y: 0, z: 0, w: 0}
  - {x: 0, y: 0, z: 0, w: 0}
  - {x: 0, y: 0, z: 0, w: 0}
  - {x: 0, y: 0, z: 0, w: 0}
  - {x: 0, y: 0, z: 0, w: 0}
  - {x: 0, y: 0, z: 0, w: 0}
  - {x: 0, y: 0, z: 0, w: 0}
  - {x: 0, y: 0, z: 0, w: 0}
  - {x: 0, y: 0, z: 0, w: 0}
  - {x: 0, y: 0, z: 0, w: 0}
  - {x: 0, y: 0, z: 0, w: 0}
  - {x: 0, y: 0, z: 0, w: 0}
  - {x: 0, y: 0, z: 0, w: 0}
  - {x: 0, y: 0, z: 0, w: 0}
  - {x: 0, y: 0, z: 0, w: 0}
  - {x: 0, y: 0, z: 0, w: 0}
  - {x: 0, y: 0, z: 0, w: 0}
  - {x: 0, y: 0, z: 0, w: 0}
  - {x: 0, y: 0, z: 0, w: 0}
  - {x: 0, y: 0, z: 0, w: 0}
  - {x: 0, y: 0, z: 0, w: 0}
  - {x: 0, y: 0, z: 0, w: 0}
  - {x: 0, y: 0, z: 0, w: 0}
  - {x: 0, y: 0, z: 0, w: 0}
  - {x: 0, y: 0, z: 0, w: 0}
  - {x: 0, y: 0, z: 0, w: 0}
  - {x: 0, y: 0, z: 0, w: 0}
  - {x: 0, y: 0, z: 0, w: 0}
  - {x: 0, y: 0, z: 0, w: 0}
  - {x: 0, y: 0, z: 0, w: 0}
  - {x: 0, y: 0, z: 0, w: 0}
  - {x: 0, y: 0, z: 0, w: 0}
  - {x: 0, y: 0, z: 0, w: 0}
  - {x: 0, y: 0, z: 0, w: 0}
  - {x: 0, y: 0, z: 0, w: 0}
  - {x: 0, y: 0, z: 0, w: 0}
  - {x: 0, y: 0, z: 0, w: 0}
  - {x: 0, y: 0, z: 0, w: 0}
  - {x: 0, y: 0, z: 0, w: 0}
  - {x: 0, y: 0, z: 0, w: 0}
  - {x: 0, y: 0, z: 0, w: 0}
  - {x: 0, y: 0, z: 0, w: 0}
  - {x: 0, y: 0, z: 0, w: 0}
  - {x: 0, y: 0, z: 0, w: 0}
  - {x: 0, y: 0, z: 0, w: 0}
  - {x: 0, y: 0, z: 0, w: 0}
  - {x: 0, y: 0, z: 0, w: 0}
  - {x: 0, y: 0, z: 0, w: 0}
  - {x: 0, y: 0, z: 0, w: 0}
  - {x: 0, y: 0, z: 0, w: 0}
  - {x: 0, y: 0, z: 0, w: 0}
  - {x: 0, y: 0, z: 0, w: 0}
  - {x: 0, y: 0, z: 0, w: 0}
  - {x: 0, y: 0, z: 0, w: 0}
  - {x: 0, y: 0, z: 0, w: 0}
  - {x: 0, y: 0, z: 0, w: 0}
  - {x: 0, y: 0, z: 0, w: 0}
  - {x: 0, y: 0, z: 0, w: 0}
  - {x: 0, y: 0, z: 0, w: 0}
  - {x: 0, y: 0, z: 0, w: 0}
  - {x: 0, y: 0, z: 0, w: 0}
  - {x: 0, y: 0, z: 0, w: 0}
  - {x: 0, y: 0, z: 0, w: 0}
  - {x: 0, y: 0, z: 0, w: 0}
  - {x: 0, y: 0, z: 0, w: 0}
  - {x: 0, y: 0, z: 0, w: 0}
  - {x: 0, y: 0, z: 0, w: 0}
  - {x: 0, y: 0, z: 0, w: 0}
  - {x: 0, y: 0, z: 0, w: 0}
  - {x: 0, y: 0, z: 0, w: 0}
  - {x: 0, y: 0, z: 0, w: 0}
  - {x: 0, y: 0, z: 0, w: 0}
  - {x: 0, y: 0, z: 0, w: 0}
  - {x: 0, y: 0, z: 0, w: 0}
  - {x: 0, y: 0, z: 0, w: 0}
  - {x: 0, y: 0, z: 0, w: 0}
  - {x: 0, y: 0, z: 0, w: 0}
  - {x: 0, y: 0, z: 0, w: 0}
  - {x: 0, y: 0, z: 0, w: 0}
  - {x: 0, y: 0, z: 0, w: 0}
  - {x: 0, y: 0, z: 0, w: 0}
  - {x: 0, y: 0, z: 0, w: 0}
  - {x: 0, y: 0, z: 0, w: 0}
  - {x: 0, y: 0, z: 0, w: 0}
  - {x: 0, y: 0, z: 0, w: 0}
  - {x: 0, y: 0, z: 0, w: 0}
  - {x: 0, y: 0, z: 0, w: 0}
  - {x: 0, y: 0, z: 0, w: 0}
  - {x: 0, y: 0, z: 0, w: 0}
  - {x: 0, y: 0, z: 0, w: 0}
  - {x: 0, y: 0, z: 0, w: 0}
  - {x: 0, y: 0, z: 0, w: 0}
  - {x: 0, y: 0, z: 0, w: 0}
  - {x: 0, y: 0, z: 0, w: 0}
  - {x: 0, y: 0, z: 0, w: 0}
  - {x: 0, y: 0, z: 0, w: 0}
  - {x: 0, y: 0, z: 0, w: 0}
  - {x: 0, y: 0, z: 0, w: 0}
  - {x: 0, y: 0, z: 0, w: 0}
  - {x: 0, y: 0, z: 0, w: 0}
  - {x: 0, y: 0, z: 0, w: 0}
  - {x: 0, y: 0, z: 0, w: 0}
  - {x: 0, y: 0, z: 0, w: 0}
  - {x: 0, y: 0, z: 0, w: 0}
  - {x: 0, y: 0, z: 0, w: 0}
  - {x: 0, y: 0, z: 0, w: 0}
  - {x: 0, y: 0, z: 0, w: 0}
  - {x: 0, y: 0, z: 0, w: 0}
  - {x: 0, y: 0, z: 0, w: 0}
  - {x: 0, y: 0, z: 0, w: 0}
  - {x: 0, y: 0, z: 0, w: 0}
  - {x: 0, y: 0, z: 0, w: 0}
  - {x: 0, y: 0, z: 0, w: 0}
  - {x: 0, y: 0, z: 0, w: 0}
  - {x: 0, y: 0, z: 0, w: 0}
  - {x: 0, y: 0, z: 0, w: 0}
  - {x: 0, y: 0, z: 0, w: 0}
  - {x: 0, y: 0, z: 0, w: 0}
  - {x: 0, y: 0, z: 0, w: 0}
  - {x: 0, y: 0, z: 0, w: 0}
  - {x: 0, y: 0, z: 0, w: 0}
  - {x: 0, y: 0, z: 0, w: 0}
  - {x: 0, y: 0, z: 0, w: 0}
  - {x: 0, y: 0, z: 0, w: 0}
  - {x: 0, y: 0, z: 0, w: 0}
  - {x: 0, y: 0, z: 0, w: 0}
  - {x: 0, y: 0, z: 0, w: 0}
  - {x: 0, y: 0, z: 0, w: 0}
  - {x: 0, y: 0, z: 0, w: 0}
  - {x: 0, y: 0, z: 0, w: 0}
  - {x: 0, y: 0, z: 0, w: 0}
  - {x: 0, y: 0, z: 0, w: 0}
  - {x: 0, y: 0, z: 0, w: 0}
  - {x: 0, y: 0, z: 0, w: 0}
  - {x: 0, y: 0, z: 0, w: 0}
  - {x: 0, y: 0, z: 0, w: 0}
  - {x: 0, y: 0, z: 0, w: 0}
  - {x: 0, y: 0, z: 0, w: 0}
  - {x: 0, y: 0, z: 0, w: 0}
  - {x: 0, y: 0, z: 0, w: 0}
  - {x: 0, y: 0, z: 0, w: 0}
  - {x: 0, y: 0, z: 0, w: 0}
  - {x: 0, y: 0, z: 0, w: 0}
  - {x: 0, y: 0, z: 0, w: 0}
  - {x: 0, y: 0, z: 0, w: 0}
  - {x: 0, y: 0, z: 0, w: 0}
  - {x: 0, y: 0, z: 0, w: 0}
  - {x: 0, y: 0, z: 0, w: 0}
  - {x: 0, y: 0, z: 0, w: 0}
  - {x: 0, y: 0, z: 0, w: 0}
  - {x: 0, y: 0, z: 0, w: 0}
  - {x: 0, y: 0, z: 0, w: 0}
  - {x: 0, y: 0, z: 0, w: 0}
  - {x: 0, y: 0, z: 0, w: 0}
  - {x: 0, y: 0, z: 0, w: 0}
  - {x: 0, y: 0, z: 0, w: 0}
  - {x: 0, y: 0, z: 0, w: 0}
  - {x: 0, y: 0, z: 0, w: 0}
  - {x: 0, y: 0, z: 0, w: 0}
  - {x: 0, y: 0, z: 0, w: 0}
  - {x: 0, y: 0, z: 0, w: 0}
  - {x: 0, y: 0, z: 0, w: 0}
  - {x: 0, y: 0, z: 0, w: 0}
  - {x: 0, y: 0, z: 0, w: 0}
  - {x: 0, y: 0, z: 0, w: 0}
  - {x: 0, y: 0, z: 0, w: 0}
  - {x: 0, y: 0, z: 0, w: 0}
  - {x: 0, y: 0, z: 0, w: 0}
  - {x: 0, y: 0, z: 0, w: 0}
  - {x: 0, y: 0, z: 0, w: 0}
  - {x: 0, y: 0, z: 0, w: 0}
  - {x: 0, y: 0, z: 0, w: 0}
  - {x: 0, y: 0, z: 0, w: 0}
  - {x: 0, y: 0, z: 0, w: 0}
  - {x: 0, y: 0, z: 0, w: 0}
  - {x: 0, y: 0, z: 0, w: 0}
  - {x: 0, y: 0, z: 0, w: 0}
  - {x: 0, y: 0, z: 0, w: 0}
  - {x: 0, y: 0, z: 0, w: 0}
  - {x: 0, y: 0, z: 0, w: 0}
  - {x: 0, y: 0, z: 0, w: 0}
  - {x: 0, y: 0, z: 0, w: 0}
  - {x: 0, y: 0, z: 0, w: 0}
  - {x: 0, y: 0, z: 0, w: 0}
  - {x: 0, y: 0, z: 0, w: 0}
  - {x: 0, y: 0, z: 0, w: 0}
  - {x: 0, y: 0, z: 0, w: 0}
  - {x: 0, y: 0, z: 0, w: 0}
  - {x: 0, y: 0, z: 0, w: 0}
  - {x: 0, y: 0, z: 0, w: 0}
  - {x: 0, y: 0, z: 0, w: 0}
  - {x: 0, y: 0, z: 0, w: 0}
  - {x: 0, y: 0, z: 0, w: 0}
  - {x: 0, y: 0, z: 0, w: 0}
  - {x: 0, y: 0, z: 0, w: 0}
  - {x: 0, y: 0, z: 0, w: 0}
  - {x: 0, y: 0, z: 0, w: 0}
  - {x: 0, y: 0, z: 0, w: 0}
  - {x: 0, y: 0, z: 0, w: 0}
  - {x: 0, y: 0, z: 0, w: 0}
  - {x: 0, y: 0, z: 0, w: 0}
  - {x: 0, y: 0, z: 0, w: 0}
  - {x: 0, y: 0, z: 0, w: 0}
  - {x: 0, y: 0, z: 0, w: 0}
  - {x: 0, y: 0, z: 0, w: 0}
  - {x: 0, y: 0, z: 0, w: 0}
  - {x: 0, y: 0, z: 0, w: 0}
  - {x: 0, y: 0, z: 0, w: 0}
  - {x: 0, y: 0, z: 0, w: 0}
  _uv4:
  - {x: 0, y: 0, z: 0, w: 0}
  - {x: 0, y: 0, z: 0, w: 0}
  - {x: 0, y: 0, z: 0, w: 0}
  - {x: 0, y: 0, z: 0, w: 0}
  - {x: 0, y: 0, z: 0, w: 0}
  - {x: 0, y: 0, z: 0, w: 0}
  - {x: 0, y: 0, z: 0, w: 0}
  - {x: 0, y: 0, z: 0, w: 0}
  - {x: 0, y: 0, z: 0, w: 0}
  - {x: 0, y: 0, z: 0, w: 0}
  - {x: 0, y: 0, z: 0, w: 0}
  - {x: 0, y: 0, z: 0, w: 0}
  - {x: 0, y: 0, z: 0, w: 0}
  - {x: 0, y: 0, z: 0, w: 0}
  - {x: 0, y: 0, z: 0, w: 0}
  - {x: 0, y: 0, z: 0, w: 0}
  - {x: 0, y: 0, z: 0, w: 0}
  - {x: 0, y: 0, z: 0, w: 0}
  - {x: 0, y: 0, z: 0, w: 0}
  - {x: 0, y: 0, z: 0, w: 0}
  - {x: 0, y: 0, z: 0, w: 0}
  - {x: 0, y: 0, z: 0, w: 0}
  - {x: 0, y: 0, z: 0, w: 0}
  - {x: 0, y: 0, z: 0, w: 0}
  - {x: 0, y: 0, z: 0, w: 0}
  - {x: 0, y: 0, z: 0, w: 0}
  - {x: 0, y: 0, z: 0, w: 0}
  - {x: 0, y: 0, z: 0, w: 0}
  - {x: 0, y: 0, z: 0, w: 0}
  - {x: 0, y: 0, z: 0, w: 0}
  - {x: 0, y: 0, z: 0, w: 0}
  - {x: 0, y: 0, z: 0, w: 0}
  - {x: 0, y: 0, z: 0, w: 0}
  - {x: 0, y: 0, z: 0, w: 0}
  - {x: 0, y: 0, z: 0, w: 0}
  - {x: 0, y: 0, z: 0, w: 0}
  - {x: 0, y: 0, z: 0, w: 0}
  - {x: 0, y: 0, z: 0, w: 0}
  - {x: 0, y: 0, z: 0, w: 0}
  - {x: 0, y: 0, z: 0, w: 0}
  - {x: 0, y: 0, z: 0, w: 0}
  - {x: 0, y: 0, z: 0, w: 0}
  - {x: 0, y: 0, z: 0, w: 0}
  - {x: 0, y: 0, z: 0, w: 0}
  - {x: 0, y: 0, z: 0, w: 0}
  - {x: 0, y: 0, z: 0, w: 0}
  - {x: 0, y: 0, z: 0, w: 0}
  - {x: 0, y: 0, z: 0, w: 0}
  - {x: 0, y: 0, z: 0, w: 0}
  - {x: 0, y: 0, z: 0, w: 0}
  - {x: 0, y: 0, z: 0, w: 0}
  - {x: 0, y: 0, z: 0, w: 0}
  - {x: 0, y: 0, z: 0, w: 0}
  - {x: 0, y: 0, z: 0, w: 0}
  - {x: 0, y: 0, z: 0, w: 0}
  - {x: 0, y: 0, z: 0, w: 0}
  - {x: 0, y: 0, z: 0, w: 0}
  - {x: 0, y: 0, z: 0, w: 0}
  - {x: 0, y: 0, z: 0, w: 0}
  - {x: 0, y: 0, z: 0, w: 0}
  - {x: 0, y: 0, z: 0, w: 0}
  - {x: 0, y: 0, z: 0, w: 0}
  - {x: 0, y: 0, z: 0, w: 0}
  - {x: 0, y: 0, z: 0, w: 0}
  - {x: 0, y: 0, z: 0, w: 0}
  - {x: 0, y: 0, z: 0, w: 0}
  - {x: 0, y: 0, z: 0, w: 0}
  - {x: 0, y: 0, z: 0, w: 0}
  - {x: 0, y: 0, z: 0, w: 0}
  - {x: 0, y: 0, z: 0, w: 0}
  - {x: 0, y: 0, z: 0, w: 0}
  - {x: 0, y: 0, z: 0, w: 0}
  - {x: 0, y: 0, z: 0, w: 0}
  - {x: 0, y: 0, z: 0, w: 0}
  - {x: 0, y: 0, z: 0, w: 0}
  - {x: 0, y: 0, z: 0, w: 0}
  - {x: 0, y: 0, z: 0, w: 0}
  - {x: 0, y: 0, z: 0, w: 0}
  - {x: 0, y: 0, z: 0, w: 0}
  - {x: 0, y: 0, z: 0, w: 0}
  - {x: 0, y: 0, z: 0, w: 0}
  - {x: 0, y: 0, z: 0, w: 0}
  - {x: 0, y: 0, z: 0, w: 0}
  - {x: 0, y: 0, z: 0, w: 0}
  - {x: 0, y: 0, z: 0, w: 0}
  - {x: 0, y: 0, z: 0, w: 0}
  - {x: 0, y: 0, z: 0, w: 0}
  - {x: 0, y: 0, z: 0, w: 0}
  - {x: 0, y: 0, z: 0, w: 0}
  - {x: 0, y: 0, z: 0, w: 0}
  - {x: 0, y: 0, z: 0, w: 0}
  - {x: 0, y: 0, z: 0, w: 0}
  - {x: 0, y: 0, z: 0, w: 0}
  - {x: 0, y: 0, z: 0, w: 0}
  - {x: 0, y: 0, z: 0, w: 0}
  - {x: 0, y: 0, z: 0, w: 0}
  - {x: 0, y: 0, z: 0, w: 0}
  - {x: 0, y: 0, z: 0, w: 0}
  - {x: 0, y: 0, z: 0, w: 0}
  - {x: 0, y: 0, z: 0, w: 0}
  - {x: 0, y: 0, z: 0, w: 0}
  - {x: 0, y: 0, z: 0, w: 0}
  - {x: 0, y: 0, z: 0, w: 0}
  - {x: 0, y: 0, z: 0, w: 0}
  - {x: 0, y: 0, z: 0, w: 0}
  - {x: 0, y: 0, z: 0, w: 0}
  - {x: 0, y: 0, z: 0, w: 0}
  - {x: 0, y: 0, z: 0, w: 0}
  - {x: 0, y: 0, z: 0, w: 0}
  - {x: 0, y: 0, z: 0, w: 0}
  - {x: 0, y: 0, z: 0, w: 0}
  - {x: 0, y: 0, z: 0, w: 0}
  - {x: 0, y: 0, z: 0, w: 0}
  - {x: 0, y: 0, z: 0, w: 0}
  - {x: 0, y: 0, z: 0, w: 0}
  - {x: 0, y: 0, z: 0, w: 0}
  - {x: 0, y: 0, z: 0, w: 0}
  - {x: 0, y: 0, z: 0, w: 0}
  - {x: 0, y: 0, z: 0, w: 0}
  - {x: 0, y: 0, z: 0, w: 0}
  - {x: 0, y: 0, z: 0, w: 0}
  - {x: 0, y: 0, z: 0, w: 0}
  - {x: 0, y: 0, z: 0, w: 0}
  - {x: 0, y: 0, z: 0, w: 0}
  - {x: 0, y: 0, z: 0, w: 0}
  - {x: 0, y: 0, z: 0, w: 0}
  - {x: 0, y: 0, z: 0, w: 0}
  - {x: 0, y: 0, z: 0, w: 0}
  - {x: 0, y: 0, z: 0, w: 0}
  - {x: 0, y: 0, z: 0, w: 0}
  - {x: 0, y: 0, z: 0, w: 0}
  - {x: 0, y: 0, z: 0, w: 0}
  - {x: 0, y: 0, z: 0, w: 0}
  - {x: 0, y: 0, z: 0, w: 0}
  - {x: 0, y: 0, z: 0, w: 0}
  - {x: 0, y: 0, z: 0, w: 0}
  - {x: 0, y: 0, z: 0, w: 0}
  - {x: 0, y: 0, z: 0, w: 0}
  - {x: 0, y: 0, z: 0, w: 0}
  - {x: 0, y: 0, z: 0, w: 0}
  - {x: 0, y: 0, z: 0, w: 0}
  - {x: 0, y: 0, z: 0, w: 0}
  - {x: 0, y: 0, z: 0, w: 0}
  - {x: 0, y: 0, z: 0, w: 0}
  - {x: 0, y: 0, z: 0, w: 0}
  - {x: 0, y: 0, z: 0, w: 0}
  - {x: 0, y: 0, z: 0, w: 0}
  - {x: 0, y: 0, z: 0, w: 0}
  - {x: 0, y: 0, z: 0, w: 0}
  - {x: 0, y: 0, z: 0, w: 0}
  - {x: 0, y: 0, z: 0, w: 0}
  - {x: 0, y: 0, z: 0, w: 0}
  - {x: 0, y: 0, z: 0, w: 0}
  - {x: 0, y: 0, z: 0, w: 0}
  - {x: 0, y: 0, z: 0, w: 0}
  - {x: 0, y: 0, z: 0, w: 0}
  - {x: 0, y: 0, z: 0, w: 0}
  - {x: 0, y: 0, z: 0, w: 0}
  - {x: 0, y: 0, z: 0, w: 0}
  - {x: 0, y: 0, z: 0, w: 0}
  - {x: 0, y: 0, z: 0, w: 0}
  - {x: 0, y: 0, z: 0, w: 0}
  - {x: 0, y: 0, z: 0, w: 0}
  - {x: 0, y: 0, z: 0, w: 0}
  - {x: 0, y: 0, z: 0, w: 0}
  - {x: 0, y: 0, z: 0, w: 0}
  - {x: 0, y: 0, z: 0, w: 0}
  - {x: 0, y: 0, z: 0, w: 0}
  - {x: 0, y: 0, z: 0, w: 0}
  - {x: 0, y: 0, z: 0, w: 0}
  - {x: 0, y: 0, z: 0, w: 0}
  - {x: 0, y: 0, z: 0, w: 0}
  - {x: 0, y: 0, z: 0, w: 0}
  - {x: 0, y: 0, z: 0, w: 0}
  - {x: 0, y: 0, z: 0, w: 0}
  - {x: 0, y: 0, z: 0, w: 0}
  - {x: 0, y: 0, z: 0, w: 0}
  - {x: 0, y: 0, z: 0, w: 0}
  - {x: 0, y: 0, z: 0, w: 0}
  - {x: 0, y: 0, z: 0, w: 0}
  - {x: 0, y: 0, z: 0, w: 0}
  - {x: 0, y: 0, z: 0, w: 0}
  - {x: 0, y: 0, z: 0, w: 0}
  - {x: 0, y: 0, z: 0, w: 0}
  - {x: 0, y: 0, z: 0, w: 0}
  - {x: 0, y: 0, z: 0, w: 0}
  - {x: 0, y: 0, z: 0, w: 0}
  - {x: 0, y: 0, z: 0, w: 0}
  - {x: 0, y: 0, z: 0, w: 0}
  - {x: 0, y: 0, z: 0, w: 0}
  - {x: 0, y: 0, z: 0, w: 0}
  - {x: 0, y: 0, z: 0, w: 0}
  - {x: 0, y: 0, z: 0, w: 0}
  - {x: 0, y: 0, z: 0, w: 0}
  - {x: 0, y: 0, z: 0, w: 0}
  - {x: 0, y: 0, z: 0, w: 0}
  - {x: 0, y: 0, z: 0, w: 0}
  - {x: 0, y: 0, z: 0, w: 0}
  - {x: 0, y: 0, z: 0, w: 0}
  - {x: 0, y: 0, z: 0, w: 0}
  - {x: 0, y: 0, z: 0, w: 0}
  - {x: 0, y: 0, z: 0, w: 0}
  - {x: 0, y: 0, z: 0, w: 0}
  - {x: 0, y: 0, z: 0, w: 0}
  - {x: 0, y: 0, z: 0, w: 0}
  - {x: 0, y: 0, z: 0, w: 0}
  - {x: 0, y: 0, z: 0, w: 0}
  - {x: 0, y: 0, z: 0, w: 0}
  - {x: 0, y: 0, z: 0, w: 0}
  - {x: 0, y: 0, z: 0, w: 0}
  - {x: 0, y: 0, z: 0, w: 0}
  - {x: 0, y: 0, z: 0, w: 0}
  - {x: 0, y: 0, z: 0, w: 0}
  - {x: 0, y: 0, z: 0, w: 0}
  - {x: 0, y: 0, z: 0, w: 0}
  - {x: 0, y: 0, z: 0, w: 0}
  - {x: 0, y: 0, z: 0, w: 0}
  - {x: 0, y: 0, z: 0, w: 0}
  - {x: 0, y: 0, z: 0, w: 0}
  - {x: 0, y: 0, z: 0, w: 0}
  - {x: 0, y: 0, z: 0, w: 0}
  - {x: 0, y: 0, z: 0, w: 0}
  - {x: 0, y: 0, z: 0, w: 0}
  - {x: 0, y: 0, z: 0, w: 0}
  - {x: 0, y: 0, z: 0, w: 0}
  - {x: 0, y: 0, z: 0, w: 0}
  - {x: 0, y: 0, z: 0, w: 0}
  - {x: 0, y: 0, z: 0, w: 0}
  - {x: 0, y: 0, z: 0, w: 0}
  - {x: 0, y: 0, z: 0, w: 0}
  - {x: 0, y: 0, z: 0, w: 0}
  - {x: 0, y: 0, z: 0, w: 0}
  - {x: 0, y: 0, z: 0, w: 0}
  - {x: 0, y: 0, z: 0, w: 0}
  - {x: 0, y: 0, z: 0, w: 0}
  - {x: 0, y: 0, z: 0, w: 0}
  - {x: 0, y: 0, z: 0, w: 0}
  - {x: 0, y: 0, z: 0, w: 0}
  - {x: 0, y: 0, z: 0, w: 0}
  - {x: 0, y: 0, z: 0, w: 0}
  - {x: 0, y: 0, z: 0, w: 0}
  - {x: 0, y: 0, z: 0, w: 0}
  - {x: 0, y: 0, z: 0, w: 0}
  - {x: 0, y: 0, z: 0, w: 0}
  - {x: 0, y: 0, z: 0, w: 0}
  - {x: 0, y: 0, z: 0, w: 0}
  - {x: 0, y: 0, z: 0, w: 0}
  - {x: 0, y: 0, z: 0, w: 0}
  - {x: 0, y: 0, z: 0, w: 0}
  - {x: 0, y: 0, z: 0, w: 0}
  - {x: 0, y: 0, z: 0, w: 0}
  - {x: 0, y: 0, z: 0, w: 0}
  - {x: 0, y: 0, z: 0, w: 0}
  - {x: 0, y: 0, z: 0, w: 0}
  - {x: 0, y: 0, z: 0, w: 0}
  - {x: 0, y: 0, z: 0, w: 0}
  - {x: 0, y: 0, z: 0, w: 0}
  - {x: 0, y: 0, z: 0, w: 0}
  - {x: 0, y: 0, z: 0, w: 0}
  - {x: 0, y: 0, z: 0, w: 0}
  - {x: 0, y: 0, z: 0, w: 0}
  - {x: 0, y: 0, z: 0, w: 0}
  - {x: 0, y: 0, z: 0, w: 0}
  - {x: 0, y: 0, z: 0, w: 0}
  - {x: 0, y: 0, z: 0, w: 0}
  - {x: 0, y: 0, z: 0, w: 0}
  - {x: 0, y: 0, z: 0, w: 0}
  - {x: 0, y: 0, z: 0, w: 0}
  - {x: 0, y: 0, z: 0, w: 0}
  - {x: 0, y: 0, z: 0, w: 0}
  - {x: 0, y: 0, z: 0, w: 0}
  - {x: 0, y: 0, z: 0, w: 0}
  - {x: 0, y: 0, z: 0, w: 0}
  - {x: 0, y: 0, z: 0, w: 0}
  - {x: 0, y: 0, z: 0, w: 0}
  - {x: 0, y: 0, z: 0, w: 0}
  - {x: 0, y: 0, z: 0, w: 0}
  - {x: 0, y: 0, z: 0, w: 0}
  - {x: 0, y: 0, z: 0, w: 0}
  - {x: 0, y: 0, z: 0, w: 0}
  - {x: 0, y: 0, z: 0, w: 0}
  - {x: 0, y: 0, z: 0, w: 0}
  - {x: 0, y: 0, z: 0, w: 0}
  - {x: 0, y: 0, z: 0, w: 0}
  - {x: 0, y: 0, z: 0, w: 0}
  - {x: 0, y: 0, z: 0, w: 0}
  - {x: 0, y: 0, z: 0, w: 0}
  - {x: 0, y: 0, z: 0, w: 0}
  - {x: 0, y: 0, z: 0, w: 0}
  - {x: 0, y: 0, z: 0, w: 0}
  - {x: 0, y: 0, z: 0, w: 0}
  - {x: 0, y: 0, z: 0, w: 0}
  - {x: 0, y: 0, z: 0, w: 0}
  - {x: 0, y: 0, z: 0, w: 0}
  _tangents: []
  _sharedIndicesUV: []
  _colors:
  - {r: 1, g: 1, b: 1, a: 1}
  - {r: 1, g: 1, b: 1, a: 1}
  - {r: 1, g: 1, b: 1, a: 1}
  - {r: 1, g: 1, b: 1, a: 1}
  - {r: 1, g: 1, b: 1, a: 1}
  - {r: 1, g: 1, b: 1, a: 1}
  - {r: 1, g: 1, b: 1, a: 1}
  - {r: 1, g: 1, b: 1, a: 1}
  - {r: 1, g: 1, b: 1, a: 1}
  - {r: 1, g: 1, b: 1, a: 1}
  - {r: 1, g: 1, b: 1, a: 1}
  - {r: 1, g: 1, b: 1, a: 1}
  - {r: 1, g: 1, b: 1, a: 1}
  - {r: 1, g: 1, b: 1, a: 1}
  - {r: 1, g: 1, b: 1, a: 1}
  - {r: 1, g: 1, b: 1, a: 1}
  - {r: 1, g: 1, b: 1, a: 1}
  - {r: 1, g: 1, b: 1, a: 1}
  - {r: 1, g: 1, b: 1, a: 1}
  - {r: 1, g: 1, b: 1, a: 1}
  - {r: 1, g: 1, b: 1, a: 1}
  - {r: 1, g: 1, b: 1, a: 1}
  - {r: 1, g: 1, b: 1, a: 1}
  - {r: 1, g: 1, b: 1, a: 1}
  - {r: 1, g: 1, b: 1, a: 1}
  - {r: 1, g: 1, b: 1, a: 1}
  - {r: 1, g: 1, b: 1, a: 1}
  - {r: 1, g: 1, b: 1, a: 1}
  - {r: 1, g: 1, b: 1, a: 1}
  - {r: 1, g: 1, b: 1, a: 1}
  - {r: 1, g: 1, b: 1, a: 1}
  - {r: 1, g: 1, b: 1, a: 1}
  - {r: 1, g: 1, b: 1, a: 1}
  - {r: 1, g: 1, b: 1, a: 1}
  - {r: 1, g: 1, b: 1, a: 1}
  - {r: 1, g: 1, b: 1, a: 1}
  - {r: 1, g: 1, b: 1, a: 1}
  - {r: 1, g: 1, b: 1, a: 1}
  - {r: 1, g: 1, b: 1, a: 1}
  - {r: 1, g: 1, b: 1, a: 1}
  - {r: 1, g: 1, b: 1, a: 1}
  - {r: 1, g: 1, b: 1, a: 1}
  - {r: 1, g: 1, b: 1, a: 1}
  - {r: 1, g: 1, b: 1, a: 1}
  - {r: 1, g: 1, b: 1, a: 1}
  - {r: 1, g: 1, b: 1, a: 1}
  - {r: 1, g: 1, b: 1, a: 1}
  - {r: 1, g: 1, b: 1, a: 1}
  - {r: 1, g: 1, b: 1, a: 1}
  - {r: 1, g: 1, b: 1, a: 1}
  - {r: 1, g: 1, b: 1, a: 1}
  - {r: 1, g: 1, b: 1, a: 1}
  - {r: 1, g: 1, b: 1, a: 1}
  - {r: 1, g: 1, b: 1, a: 1}
  - {r: 1, g: 1, b: 1, a: 1}
  - {r: 1, g: 1, b: 1, a: 1}
  - {r: 1, g: 1, b: 1, a: 1}
  - {r: 1, g: 1, b: 1, a: 1}
  - {r: 1, g: 1, b: 1, a: 1}
  - {r: 1, g: 1, b: 1, a: 1}
  - {r: 1, g: 1, b: 1, a: 1}
  - {r: 1, g: 1, b: 1, a: 1}
  - {r: 1, g: 1, b: 1, a: 1}
  - {r: 1, g: 1, b: 1, a: 1}
  - {r: 1, g: 1, b: 1, a: 1}
  - {r: 1, g: 1, b: 1, a: 1}
  - {r: 1, g: 1, b: 1, a: 1}
  - {r: 1, g: 1, b: 1, a: 1}
  - {r: 1, g: 1, b: 1, a: 1}
  - {r: 1, g: 1, b: 1, a: 1}
  - {r: 1, g: 1, b: 1, a: 1}
  - {r: 1, g: 1, b: 1, a: 1}
  - {r: 1, g: 1, b: 1, a: 1}
  - {r: 1, g: 1, b: 1, a: 1}
  - {r: 1, g: 1, b: 1, a: 1}
  - {r: 1, g: 1, b: 1, a: 1}
  - {r: 1, g: 1, b: 1, a: 1}
  - {r: 1, g: 1, b: 1, a: 1}
  - {r: 1, g: 1, b: 1, a: 1}
  - {r: 1, g: 1, b: 1, a: 1}
  - {r: 1, g: 1, b: 1, a: 1}
  - {r: 1, g: 1, b: 1, a: 1}
  - {r: 1, g: 1, b: 1, a: 1}
  - {r: 1, g: 1, b: 1, a: 1}
  - {r: 1, g: 1, b: 1, a: 1}
  - {r: 1, g: 1, b: 1, a: 1}
  - {r: 1, g: 1, b: 1, a: 1}
  - {r: 1, g: 1, b: 1, a: 1}
  - {r: 1, g: 1, b: 1, a: 1}
  - {r: 1, g: 1, b: 1, a: 1}
  - {r: 1, g: 1, b: 1, a: 1}
  - {r: 1, g: 1, b: 1, a: 1}
  - {r: 1, g: 1, b: 1, a: 1}
  - {r: 1, g: 1, b: 1, a: 1}
  - {r: 1, g: 1, b: 1, a: 1}
  - {r: 1, g: 1, b: 1, a: 1}
  - {r: 1, g: 1, b: 1, a: 1}
  - {r: 1, g: 1, b: 1, a: 1}
  - {r: 1, g: 1, b: 1, a: 1}
  - {r: 1, g: 1, b: 1, a: 1}
  - {r: 1, g: 1, b: 1, a: 1}
  - {r: 1, g: 1, b: 1, a: 1}
  - {r: 1, g: 1, b: 1, a: 1}
  - {r: 1, g: 1, b: 1, a: 1}
  - {r: 1, g: 1, b: 1, a: 1}
  - {r: 1, g: 1, b: 1, a: 1}
  - {r: 1, g: 1, b: 1, a: 1}
  - {r: 1, g: 1, b: 1, a: 1}
  - {r: 1, g: 1, b: 1, a: 1}
  - {r: 1, g: 1, b: 1, a: 1}
  - {r: 1, g: 1, b: 1, a: 1}
  - {r: 1, g: 1, b: 1, a: 1}
  - {r: 1, g: 1, b: 1, a: 1}
  - {r: 1, g: 1, b: 1, a: 1}
  - {r: 1, g: 1, b: 1, a: 1}
  - {r: 1, g: 1, b: 1, a: 1}
  - {r: 1, g: 1, b: 1, a: 1}
  - {r: 1, g: 1, b: 1, a: 1}
  - {r: 1, g: 1, b: 1, a: 1}
  - {r: 1, g: 1, b: 1, a: 1}
  - {r: 1, g: 1, b: 1, a: 1}
  - {r: 1, g: 1, b: 1, a: 1}
  - {r: 1, g: 1, b: 1, a: 1}
  - {r: 1, g: 1, b: 1, a: 1}
  - {r: 1, g: 1, b: 1, a: 1}
  - {r: 1, g: 1, b: 1, a: 1}
  - {r: 1, g: 1, b: 1, a: 1}
  - {r: 1, g: 1, b: 1, a: 1}
  - {r: 1, g: 1, b: 1, a: 1}
  - {r: 1, g: 1, b: 1, a: 1}
  - {r: 1, g: 1, b: 1, a: 1}
  - {r: 1, g: 1, b: 1, a: 1}
  - {r: 1, g: 1, b: 1, a: 1}
  - {r: 1, g: 1, b: 1, a: 1}
  - {r: 1, g: 1, b: 1, a: 1}
  - {r: 1, g: 1, b: 1, a: 1}
  - {r: 1, g: 1, b: 1, a: 1}
  - {r: 1, g: 1, b: 1, a: 1}
  - {r: 1, g: 1, b: 1, a: 1}
  - {r: 1, g: 1, b: 1, a: 1}
  - {r: 1, g: 1, b: 1, a: 1}
  - {r: 1, g: 1, b: 1, a: 1}
  - {r: 1, g: 1, b: 1, a: 1}
  - {r: 1, g: 1, b: 1, a: 1}
  - {r: 1, g: 1, b: 1, a: 1}
  - {r: 1, g: 1, b: 1, a: 1}
  - {r: 1, g: 1, b: 1, a: 1}
  - {r: 1, g: 1, b: 1, a: 1}
  - {r: 1, g: 1, b: 1, a: 1}
  - {r: 1, g: 1, b: 1, a: 1}
  - {r: 1, g: 1, b: 1, a: 1}
  - {r: 1, g: 1, b: 1, a: 1}
  - {r: 1, g: 1, b: 1, a: 1}
  - {r: 1, g: 1, b: 1, a: 1}
  - {r: 1, g: 1, b: 1, a: 1}
  - {r: 1, g: 1, b: 1, a: 1}
  - {r: 1, g: 1, b: 1, a: 1}
  - {r: 1, g: 1, b: 1, a: 1}
  - {r: 1, g: 1, b: 1, a: 1}
  - {r: 1, g: 1, b: 1, a: 1}
  - {r: 1, g: 1, b: 1, a: 1}
  - {r: 1, g: 1, b: 1, a: 1}
  - {r: 1, g: 1, b: 1, a: 1}
  - {r: 1, g: 1, b: 1, a: 1}
  - {r: 1, g: 1, b: 1, a: 1}
  - {r: 1, g: 1, b: 1, a: 1}
  - {r: 1, g: 1, b: 1, a: 1}
  - {r: 1, g: 1, b: 1, a: 1}
  - {r: 1, g: 1, b: 1, a: 1}
  - {r: 1, g: 1, b: 1, a: 1}
  - {r: 1, g: 1, b: 1, a: 1}
  - {r: 1, g: 1, b: 1, a: 1}
  - {r: 1, g: 1, b: 1, a: 1}
  - {r: 1, g: 1, b: 1, a: 1}
  - {r: 1, g: 1, b: 1, a: 1}
  - {r: 1, g: 1, b: 1, a: 1}
  - {r: 1, g: 1, b: 1, a: 1}
  - {r: 1, g: 1, b: 1, a: 1}
  - {r: 1, g: 1, b: 1, a: 1}
  - {r: 1, g: 1, b: 1, a: 1}
  - {r: 1, g: 1, b: 1, a: 1}
  - {r: 1, g: 1, b: 1, a: 1}
  - {r: 1, g: 1, b: 1, a: 1}
  - {r: 1, g: 1, b: 1, a: 1}
  - {r: 1, g: 1, b: 1, a: 1}
  - {r: 1, g: 1, b: 1, a: 1}
  - {r: 1, g: 1, b: 1, a: 1}
  - {r: 1, g: 1, b: 1, a: 1}
  - {r: 1, g: 1, b: 1, a: 1}
  - {r: 1, g: 1, b: 1, a: 1}
  - {r: 1, g: 1, b: 1, a: 1}
  - {r: 1, g: 1, b: 1, a: 1}
  - {r: 1, g: 1, b: 1, a: 1}
  - {r: 1, g: 1, b: 1, a: 1}
  - {r: 1, g: 1, b: 1, a: 1}
  - {r: 1, g: 1, b: 1, a: 1}
  - {r: 1, g: 1, b: 1, a: 1}
  - {r: 1, g: 1, b: 1, a: 1}
  - {r: 1, g: 1, b: 1, a: 1}
  - {r: 1, g: 1, b: 1, a: 1}
  - {r: 1, g: 1, b: 1, a: 1}
  - {r: 1, g: 1, b: 1, a: 1}
  - {r: 1, g: 1, b: 1, a: 1}
  - {r: 1, g: 1, b: 1, a: 1}
  - {r: 1, g: 1, b: 1, a: 1}
  - {r: 1, g: 1, b: 1, a: 1}
  - {r: 1, g: 1, b: 1, a: 1}
  - {r: 1, g: 1, b: 1, a: 1}
  - {r: 1, g: 1, b: 1, a: 1}
  - {r: 1, g: 1, b: 1, a: 1}
  - {r: 1, g: 1, b: 1, a: 1}
  - {r: 1, g: 1, b: 1, a: 1}
  - {r: 1, g: 1, b: 1, a: 1}
  - {r: 1, g: 1, b: 1, a: 1}
  - {r: 1, g: 1, b: 1, a: 1}
  - {r: 1, g: 1, b: 1, a: 1}
  - {r: 1, g: 1, b: 1, a: 1}
  - {r: 1, g: 1, b: 1, a: 1}
  - {r: 1, g: 1, b: 1, a: 1}
  - {r: 1, g: 1, b: 1, a: 1}
  - {r: 1, g: 1, b: 1, a: 1}
  - {r: 1, g: 1, b: 1, a: 1}
  - {r: 1, g: 1, b: 1, a: 1}
  - {r: 1, g: 1, b: 1, a: 1}
  - {r: 1, g: 1, b: 1, a: 1}
  - {r: 1, g: 1, b: 1, a: 1}
  - {r: 1, g: 1, b: 1, a: 1}
  - {r: 1, g: 1, b: 1, a: 1}
  - {r: 1, g: 1, b: 1, a: 1}
  - {r: 1, g: 1, b: 1, a: 1}
  - {r: 1, g: 1, b: 1, a: 1}
  - {r: 1, g: 1, b: 1, a: 1}
  - {r: 1, g: 1, b: 1, a: 1}
  - {r: 1, g: 1, b: 1, a: 1}
  - {r: 1, g: 1, b: 1, a: 1}
  - {r: 1, g: 1, b: 1, a: 1}
  - {r: 1, g: 1, b: 1, a: 1}
  - {r: 1, g: 1, b: 1, a: 1}
  - {r: 1, g: 1, b: 1, a: 1}
  - {r: 1, g: 1, b: 1, a: 1}
  - {r: 1, g: 1, b: 1, a: 1}
  - {r: 1, g: 1, b: 1, a: 1}
  - {r: 1, g: 1, b: 1, a: 1}
  - {r: 1, g: 1, b: 1, a: 1}
  - {r: 1, g: 1, b: 1, a: 1}
  - {r: 1, g: 1, b: 1, a: 1}
  - {r: 1, g: 1, b: 1, a: 1}
  - {r: 1, g: 1, b: 1, a: 1}
  - {r: 1, g: 1, b: 1, a: 1}
  - {r: 1, g: 1, b: 1, a: 1}
  - {r: 1, g: 1, b: 1, a: 1}
  - {r: 1, g: 1, b: 1, a: 1}
  - {r: 1, g: 1, b: 1, a: 1}
  - {r: 1, g: 1, b: 1, a: 1}
  - {r: 1, g: 1, b: 1, a: 1}
  - {r: 1, g: 1, b: 1, a: 1}
  - {r: 1, g: 1, b: 1, a: 1}
  - {r: 1, g: 1, b: 1, a: 1}
  - {r: 1, g: 1, b: 1, a: 1}
  - {r: 1, g: 1, b: 1, a: 1}
  - {r: 1, g: 1, b: 1, a: 1}
  - {r: 1, g: 1, b: 1, a: 1}
  - {r: 1, g: 1, b: 1, a: 1}
  - {r: 1, g: 1, b: 1, a: 1}
  - {r: 1, g: 1, b: 1, a: 1}
  - {r: 1, g: 1, b: 1, a: 1}
  - {r: 1, g: 1, b: 1, a: 1}
  - {r: 1, g: 1, b: 1, a: 1}
  - {r: 1, g: 1, b: 1, a: 1}
  - {r: 1, g: 1, b: 1, a: 1}
  - {r: 1, g: 1, b: 1, a: 1}
  - {r: 1, g: 1, b: 1, a: 1}
  - {r: 1, g: 1, b: 1, a: 1}
  - {r: 1, g: 1, b: 1, a: 1}
  - {r: 1, g: 1, b: 1, a: 1}
  - {r: 1, g: 1, b: 1, a: 1}
  - {r: 1, g: 1, b: 1, a: 1}
  - {r: 1, g: 1, b: 1, a: 1}
  - {r: 1, g: 1, b: 1, a: 1}
  - {r: 1, g: 1, b: 1, a: 1}
  - {r: 1, g: 1, b: 1, a: 1}
  - {r: 1, g: 1, b: 1, a: 1}
  - {r: 1, g: 1, b: 1, a: 1}
  - {r: 1, g: 1, b: 1, a: 1}
  - {r: 1, g: 1, b: 1, a: 1}
  - {r: 1, g: 1, b: 1, a: 1}
  - {r: 1, g: 1, b: 1, a: 1}
  - {r: 1, g: 1, b: 1, a: 1}
  - {r: 1, g: 1, b: 1, a: 1}
  - {r: 1, g: 1, b: 1, a: 1}
  - {r: 1, g: 1, b: 1, a: 1}
  - {r: 1, g: 1, b: 1, a: 1}
  - {r: 1, g: 1, b: 1, a: 1}
  - {r: 1, g: 1, b: 1, a: 1}
  userCollisions: 0
  isSelectable: 1
  unwrapParameters:
    hardAngle: 88
    packMargin: 4
    angleError: 8
    areaError: 15
  asset_guid: 
  dontDestroyMeshOnDelete: 0
  m_selectedFaces: 
  m_SelectedEdges: []
  m_selectedTriangles: 
