%YAML 1.1
%TAG !u! tag:unity3d.com,2011:
--- !u!29 &1
OcclusionCullingSettings:
  m_ObjectHideFlags: 0
  serializedVersion: 2
  m_OcclusionBakeSettings:
    smallestOccluder: 5
    smallestHole: 0.25
    backfaceThreshold: 100
  m_SceneGUID: 00000000000000000000000000000000
  m_OcclusionCullingData: {fileID: 0}
--- !u!104 &2
RenderSettings:
  m_ObjectHideFlags: 0
  serializedVersion: 8
  m_Fog: 0
  m_FogColor: {r: 0.5, g: 0.5, b: 0.5, a: 1}
  m_FogMode: 3
  m_FogDensity: 0.01
  m_LinearFogStart: 0
  m_LinearFogEnd: 300
  m_AmbientSkyColor: {r: 0.212, g: 0.227, b: 0.259, a: 1}
  m_AmbientEquatorColor: {r: 0.114, g: 0.125, b: 0.133, a: 1}
  m_AmbientGroundColor: {r: 0.047, g: 0.043, b: 0.035, a: 1}
  m_AmbientIntensity: 1
  m_AmbientMode: 0
  m_SubtractiveShadowColor: {r: 0.42, g: 0.478, b: 0.627, a: 1}
  m_SkyboxMaterial: {fileID: 10304, guid: 0000000000000000f000000000000000, type: 0}
  m_HaloStrength: 0.5
  m_FlareStrength: 1
  m_FlareFadeSpeed: 3
  m_HaloTexture: {fileID: 0}
  m_SpotCookie: {fileID: 10001, guid: 0000000000000000e000000000000000, type: 0}
  m_DefaultReflectionMode: 0
  m_DefaultReflectionResolution: 128
  m_ReflectionBounces: 1
  m_ReflectionIntensity: 1
  m_CustomReflection: {fileID: 0}
  m_Sun: {fileID: 0}
  m_IndirectSpecularColor: {r: 0.01150271, g: 0.009372661, b: 0.0069649965, a: 1}
--- !u!157 &3
LightmapSettings:
  m_ObjectHideFlags: 0
  serializedVersion: 11
  m_GIWorkflowMode: 0
  m_GISettings:
    serializedVersion: 2
    m_BounceScale: 1
    m_IndirectOutputScale: 1
    m_AlbedoBoost: 1
    m_TemporalCoherenceThreshold: 1
    m_EnvironmentLightingMode: 0
    m_EnableBakedLightmaps: 1
    m_EnableRealtimeLightmaps: 1
  m_LightmapEditorSettings:
    serializedVersion: 9
    m_Resolution: 2
    m_BakeResolution: 40
    m_TextureWidth: 1024
    m_TextureHeight: 1024
    m_AO: 0
    m_AOMaxDistance: 1
    m_CompAOExponent: 0
    m_CompAOExponentDirect: 0
    m_Padding: 2
    m_LightmapParameters: {fileID: 0}
    m_LightmapsBakeMode: 1
    m_TextureCompression: 1
    m_FinalGather: 0
    m_FinalGatherFiltering: 1
    m_FinalGatherRayCount: 1024
    m_ReflectionCompression: 2
    m_MixedBakeMode: 1
    m_BakeBackend: 0
    m_PVRSampling: 1
    m_PVRDirectSampleCount: 32
    m_PVRSampleCount: 500
    m_PVRBounces: 2
    m_PVRFilterTypeDirect: 0
    m_PVRFilterTypeIndirect: 0
    m_PVRFilterTypeAO: 0
    m_PVRFilteringMode: 0
    m_PVRCulling: 1
    m_PVRFilteringGaussRadiusDirect: 1
    m_PVRFilteringGaussRadiusIndirect: 5
    m_PVRFilteringGaussRadiusAO: 2
    m_PVRFilteringAtrousPositionSigmaDirect: 0.5
    m_PVRFilteringAtrousPositionSigmaIndirect: 2
    m_PVRFilteringAtrousPositionSigmaAO: 1
    m_ShowResolutionOverlay: 1
  m_LightingDataAsset: {fileID: 112000002, guid: 7d315bc7f486aa841828d7491dfac9a1,
    type: 2}
  m_UseShadowmask: 0
--- !u!196 &4
NavMeshSettings:
  serializedVersion: 2
  m_ObjectHideFlags: 0
  m_BuildSettings:
    serializedVersion: 2
    agentTypeID: 0
    agentRadius: 0.1
    agentHeight: 1
    agentSlope: 45
    agentClimb: 0.2
    ledgeDropHeight: 0
    maxJumpAcrossDistance: 0
    minRegionArea: 2
    manualCellSize: 0
    cellSize: 0.033333335
    manualTileSize: 0
    tileSize: 256
    accuratePlacement: 0
    debug:
      m_Flags: 0
  m_NavMeshData: {fileID: 0}
--- !u!1001 &136151973
Prefab:
  m_ObjectHideFlags: 0
  serializedVersion: 2
  m_Modification:
    m_TransformParent: {fileID: 0}
    m_Modifications:
    - target: {fileID: 4170424655580502, guid: 0222b3a84d1d2e1419dc6e7bfddddb6d, type: 2}
      propertyPath: m_LocalPosition.x
      value: -0.23998833
      objectReference: {fileID: 0}
    - target: {fileID: 4170424655580502, guid: 0222b3a84d1d2e1419dc6e7bfddddb6d, type: 2}
      propertyPath: m_LocalPosition.y
      value: 0.312
      objectReference: {fileID: 0}
    - target: {fileID: 4170424655580502, guid: 0222b3a84d1d2e1419dc6e7bfddddb6d, type: 2}
      propertyPath: m_LocalPosition.z
      value: -1.1460009
      objectReference: {fileID: 0}
    - target: {fileID: 4170424655580502, guid: 0222b3a84d1d2e1419dc6e7bfddddb6d, type: 2}
      propertyPath: m_LocalRotation.x
      value: -0
      objectReference: {fileID: 0}
    - target: {fileID: 4170424655580502, guid: 0222b3a84d1d2e1419dc6e7bfddddb6d, type: 2}
      propertyPath: m_LocalRotation.y
      value: -0
      objectReference: {fileID: 0}
    - target: {fileID: 4170424655580502, guid: 0222b3a84d1d2e1419dc6e7bfddddb6d, type: 2}
      propertyPath: m_LocalRotation.z
      value: -0
      objectReference: {fileID: 0}
    - target: {fileID: 4170424655580502, guid: 0222b3a84d1d2e1419dc6e7bfddddb6d, type: 2}
      propertyPath: m_LocalRotation.w
      value: 1
      objectReference: {fileID: 0}
    - target: {fileID: 4170424655580502, guid: 0222b3a84d1d2e1419dc6e7bfddddb6d, type: 2}
      propertyPath: m_RootOrder
      value: 5
      objectReference: {fileID: 0}
    - target: {fileID: 114135589521633444, guid: 0222b3a84d1d2e1419dc6e7bfddddb6d,
        type: 2}
      propertyPath: maxPoint
      value: 
      objectReference: {fileID: 0}
    - target: {fileID: 114135589521633444, guid: 0222b3a84d1d2e1419dc6e7bfddddb6d,
        type: 2}
      propertyPath: minPoint
      value: 
      objectReference: {fileID: 0}
    - target: {fileID: 4170424655580502, guid: 0222b3a84d1d2e1419dc6e7bfddddb6d, type: 2}
      propertyPath: m_LocalScale.x
      value: 0.05
      objectReference: {fileID: 0}
    - target: {fileID: 4170424655580502, guid: 0222b3a84d1d2e1419dc6e7bfddddb6d, type: 2}
      propertyPath: m_LocalScale.y
      value: 0.05
      objectReference: {fileID: 0}
    - target: {fileID: 4170424655580502, guid: 0222b3a84d1d2e1419dc6e7bfddddb6d, type: 2}
      propertyPath: m_LocalScale.z
      value: 0.05
      objectReference: {fileID: 0}
    m_RemovedComponents: []
  m_ParentPrefab: {fileID: 100100000, guid: 0222b3a84d1d2e1419dc6e7bfddddb6d, type: 2}
  m_IsPrefabParent: 0
--- !u!1001 &138381168
Prefab:
  m_ObjectHideFlags: 0
  serializedVersion: 2
  m_Modification:
    m_TransformParent: {fileID: 1397105003}
    m_Modifications:
    - target: {fileID: 224653996893046778, guid: e630d70cfd425144daf5b0bc384d4086,
        type: 2}
      propertyPath: m_LocalPosition.x
      value: 0
      objectReference: {fileID: 0}
    - target: {fileID: 224653996893046778, guid: e630d70cfd425144daf5b0bc384d4086,
        type: 2}
      propertyPath: m_LocalPosition.y
      value: 0
      objectReference: {fileID: 0}
    - target: {fileID: 224653996893046778, guid: e630d70cfd425144daf5b0bc384d4086,
        type: 2}
      propertyPath: m_LocalPosition.z
      value: 0
      objectReference: {fileID: 0}
    - target: {fileID: 224653996893046778, guid: e630d70cfd425144daf5b0bc384d4086,
        type: 2}
      propertyPath: m_LocalRotation.x
      value: -0
      objectReference: {fileID: 0}
    - target: {fileID: 224653996893046778, guid: e630d70cfd425144daf5b0bc384d4086,
        type: 2}
      propertyPath: m_LocalRotation.y
      value: -0
      objectReference: {fileID: 0}
    - target: {fileID: 224653996893046778, guid: e630d70cfd425144daf5b0bc384d4086,
        type: 2}
      propertyPath: m_LocalRotation.z
      value: -0
      objectReference: {fileID: 0}
    - target: {fileID: 224653996893046778, guid: e630d70cfd425144daf5b0bc384d4086,
        type: 2}
      propertyPath: m_LocalRotation.w
      value: 1
      objectReference: {fileID: 0}
    - target: {fileID: 224653996893046778, guid: e630d70cfd425144daf5b0bc384d4086,
        type: 2}
      propertyPath: m_RootOrder
      value: 1
      objectReference: {fileID: 0}
    - target: {fileID: 224653996893046778, guid: e630d70cfd425144daf5b0bc384d4086,
        type: 2}
      propertyPath: m_AnchoredPosition.x
      value: 0
      objectReference: {fileID: 0}
    - target: {fileID: 224653996893046778, guid: e630d70cfd425144daf5b0bc384d4086,
        type: 2}
      propertyPath: m_AnchoredPosition.y
      value: 0
      objectReference: {fileID: 0}
    - target: {fileID: 224653996893046778, guid: e630d70cfd425144daf5b0bc384d4086,
        type: 2}
      propertyPath: m_SizeDelta.x
      value: 0
      objectReference: {fileID: 0}
    - target: {fileID: 224653996893046778, guid: e630d70cfd425144daf5b0bc384d4086,
        type: 2}
      propertyPath: m_SizeDelta.y
      value: 0
      objectReference: {fileID: 0}
    - target: {fileID: 224653996893046778, guid: e630d70cfd425144daf5b0bc384d4086,
        type: 2}
      propertyPath: m_AnchorMin.x
      value: 0.4
      objectReference: {fileID: 0}
    - target: {fileID: 224653996893046778, guid: e630d70cfd425144daf5b0bc384d4086,
        type: 2}
      propertyPath: m_AnchorMin.y
      value: 0.3
      objectReference: {fileID: 0}
    - target: {fileID: 224653996893046778, guid: e630d70cfd425144daf5b0bc384d4086,
        type: 2}
      propertyPath: m_AnchorMax.x
      value: 0.6
      objectReference: {fileID: 0}
    - target: {fileID: 224653996893046778, guid: e630d70cfd425144daf5b0bc384d4086,
        type: 2}
      propertyPath: m_AnchorMax.y
      value: 0.5
      objectReference: {fileID: 0}
    - target: {fileID: 224653996893046778, guid: e630d70cfd425144daf5b0bc384d4086,
        type: 2}
      propertyPath: m_Pivot.x
      value: 0.5
      objectReference: {fileID: 0}
    - target: {fileID: 224653996893046778, guid: e630d70cfd425144daf5b0bc384d4086,
        type: 2}
      propertyPath: m_Pivot.y
      value: 0.5
      objectReference: {fileID: 0}
    - target: {fileID: 1997795324735182, guid: e630d70cfd425144daf5b0bc384d4086, type: 2}
      propertyPath: m_Name
      value: Rounded Outline Orange (2)
      objectReference: {fileID: 0}
    - target: {fileID: 114415494069198984, guid: e630d70cfd425144daf5b0bc384d4086,
        type: 2}
      propertyPath: m_OnClick.m_PersistentCalls.m_Calls.Array.data[0].m_Target
      value: 
      objectReference: {fileID: 1058429503}
    - target: {fileID: 95281647330862198, guid: e630d70cfd425144daf5b0bc384d4086,
        type: 2}
      propertyPath: m_CullingMode
      value: 0
      objectReference: {fileID: 0}
    - target: {fileID: 95281647330862198, guid: e630d70cfd425144daf5b0bc384d4086,
        type: 2}
      propertyPath: m_UpdateMode
      value: 2
      objectReference: {fileID: 0}
    - target: {fileID: 224026558833947494, guid: e630d70cfd425144daf5b0bc384d4086,
        type: 2}
      propertyPath: m_AnchoredPosition.x
      value: 0
      objectReference: {fileID: 0}
    - target: {fileID: 224026558833947494, guid: e630d70cfd425144daf5b0bc384d4086,
        type: 2}
      propertyPath: m_SizeDelta.x
      value: -12
      objectReference: {fileID: 0}
    - target: {fileID: 224613916111826478, guid: e630d70cfd425144daf5b0bc384d4086,
        type: 2}
      propertyPath: m_AnchoredPosition.x
      value: 0
      objectReference: {fileID: 0}
    - target: {fileID: 224613916111826478, guid: e630d70cfd425144daf5b0bc384d4086,
        type: 2}
      propertyPath: m_SizeDelta.x
      value: -12
      objectReference: {fileID: 0}
    - target: {fileID: 224026558833947494, guid: e630d70cfd425144daf5b0bc384d4086,
        type: 2}
      propertyPath: m_AnchoredPosition.y
      value: 0
      objectReference: {fileID: 0}
    - target: {fileID: 224026558833947494, guid: e630d70cfd425144daf5b0bc384d4086,
        type: 2}
      propertyPath: m_SizeDelta.y
      value: -12
      objectReference: {fileID: 0}
    - target: {fileID: 224613916111826478, guid: e630d70cfd425144daf5b0bc384d4086,
        type: 2}
      propertyPath: m_AnchoredPosition.y
      value: 0
      objectReference: {fileID: 0}
    - target: {fileID: 224613916111826478, guid: e630d70cfd425144daf5b0bc384d4086,
        type: 2}
      propertyPath: m_SizeDelta.y
      value: -12
      objectReference: {fileID: 0}
    - target: {fileID: 114849759447756516, guid: e630d70cfd425144daf5b0bc384d4086,
        type: 2}
      propertyPath: m_Color.r
      value: 0.8784314
      objectReference: {fileID: 0}
    - target: {fileID: 114849759447756516, guid: e630d70cfd425144daf5b0bc384d4086,
        type: 2}
      propertyPath: m_Color.g
      value: 0.7529412
      objectReference: {fileID: 0}
    - target: {fileID: 114849759447756516, guid: e630d70cfd425144daf5b0bc384d4086,
        type: 2}
      propertyPath: m_Color.b
      value: 0.2784314
      objectReference: {fileID: 0}
    - target: {fileID: 114849759447756516, guid: e630d70cfd425144daf5b0bc384d4086,
        type: 2}
      propertyPath: m_Color.a
      value: 0
      objectReference: {fileID: 0}
    - target: {fileID: 114415494069198984, guid: e630d70cfd425144daf5b0bc384d4086,
        type: 2}
      propertyPath: m_OnClick.m_PersistentCalls.m_Calls.Array.data[0].m_MethodName
      value: InGameRestartBtn
      objectReference: {fileID: 0}
    - target: {fileID: 114415494069198984, guid: e630d70cfd425144daf5b0bc384d4086,
        type: 2}
      propertyPath: m_OnClick.m_PersistentCalls.m_Calls.Array.data[0].m_Mode
      value: 1
      objectReference: {fileID: 0}
    m_RemovedComponents: []
  m_ParentPrefab: {fileID: 100100000, guid: e630d70cfd425144daf5b0bc384d4086, type: 2}
  m_IsPrefabParent: 0
--- !u!224 &138381169 stripped
RectTransform:
  m_PrefabParentObject: {fileID: 224653996893046778, guid: e630d70cfd425144daf5b0bc384d4086,
    type: 2}
  m_PrefabInternal: {fileID: 138381168}
--- !u!1001 &142353937
Prefab:
  m_ObjectHideFlags: 0
  serializedVersion: 2
  m_Modification:
    m_TransformParent: {fileID: 1397105003}
    m_Modifications:
    - target: {fileID: 224343650345746376, guid: 3347f356efeb48f4a95ab92f3e365beb,
        type: 2}
      propertyPath: m_LocalPosition.x
      value: 0
      objectReference: {fileID: 0}
    - target: {fileID: 224343650345746376, guid: 3347f356efeb48f4a95ab92f3e365beb,
        type: 2}
      propertyPath: m_LocalPosition.y
      value: 0
      objectReference: {fileID: 0}
    - target: {fileID: 224343650345746376, guid: 3347f356efeb48f4a95ab92f3e365beb,
        type: 2}
      propertyPath: m_LocalPosition.z
      value: 0
      objectReference: {fileID: 0}
    - target: {fileID: 224343650345746376, guid: 3347f356efeb48f4a95ab92f3e365beb,
        type: 2}
      propertyPath: m_LocalRotation.x
      value: 0
      objectReference: {fileID: 0}
    - target: {fileID: 224343650345746376, guid: 3347f356efeb48f4a95ab92f3e365beb,
        type: 2}
      propertyPath: m_LocalRotation.y
      value: 0
      objectReference: {fileID: 0}
    - target: {fileID: 224343650345746376, guid: 3347f356efeb48f4a95ab92f3e365beb,
        type: 2}
      propertyPath: m_LocalRotation.z
      value: 0
      objectReference: {fileID: 0}
    - target: {fileID: 224343650345746376, guid: 3347f356efeb48f4a95ab92f3e365beb,
        type: 2}
      propertyPath: m_LocalRotation.w
      value: 1
      objectReference: {fileID: 0}
    - target: {fileID: 224343650345746376, guid: 3347f356efeb48f4a95ab92f3e365beb,
        type: 2}
      propertyPath: m_RootOrder
      value: 2
      objectReference: {fileID: 0}
    - target: {fileID: 224343650345746376, guid: 3347f356efeb48f4a95ab92f3e365beb,
        type: 2}
      propertyPath: m_AnchoredPosition.x
      value: 0
      objectReference: {fileID: 0}
    - target: {fileID: 224343650345746376, guid: 3347f356efeb48f4a95ab92f3e365beb,
        type: 2}
      propertyPath: m_AnchoredPosition.y
      value: 0
      objectReference: {fileID: 0}
    - target: {fileID: 224343650345746376, guid: 3347f356efeb48f4a95ab92f3e365beb,
        type: 2}
      propertyPath: m_SizeDelta.x
      value: 0
      objectReference: {fileID: 0}
    - target: {fileID: 224343650345746376, guid: 3347f356efeb48f4a95ab92f3e365beb,
        type: 2}
      propertyPath: m_SizeDelta.y
      value: 0
      objectReference: {fileID: 0}
    - target: {fileID: 224343650345746376, guid: 3347f356efeb48f4a95ab92f3e365beb,
        type: 2}
      propertyPath: m_AnchorMin.x
      value: 0.4
      objectReference: {fileID: 0}
    - target: {fileID: 224343650345746376, guid: 3347f356efeb48f4a95ab92f3e365beb,
        type: 2}
      propertyPath: m_AnchorMin.y
      value: 0
      objectReference: {fileID: 0}
    - target: {fileID: 224343650345746376, guid: 3347f356efeb48f4a95ab92f3e365beb,
        type: 2}
      propertyPath: m_AnchorMax.x
      value: 0.6
      objectReference: {fileID: 0}
    - target: {fileID: 224343650345746376, guid: 3347f356efeb48f4a95ab92f3e365beb,
        type: 2}
      propertyPath: m_AnchorMax.y
      value: 0.2
      objectReference: {fileID: 0}
    - target: {fileID: 224343650345746376, guid: 3347f356efeb48f4a95ab92f3e365beb,
        type: 2}
      propertyPath: m_Pivot.x
      value: 0.5
      objectReference: {fileID: 0}
    - target: {fileID: 224343650345746376, guid: 3347f356efeb48f4a95ab92f3e365beb,
        type: 2}
      propertyPath: m_Pivot.y
      value: 0.5
      objectReference: {fileID: 0}
    - target: {fileID: 114544929897584916, guid: 3347f356efeb48f4a95ab92f3e365beb,
        type: 2}
      propertyPath: m_OnClick.m_PersistentCalls.m_Calls.Array.data[0].m_Target
      value: 
      objectReference: {fileID: 1058429503}
    - target: {fileID: 1356358808260898, guid: 3347f356efeb48f4a95ab92f3e365beb, type: 2}
      propertyPath: m_IsActive
      value: 1
      objectReference: {fileID: 0}
    - target: {fileID: 95223104704314710, guid: 3347f356efeb48f4a95ab92f3e365beb,
        type: 2}
      propertyPath: m_CullingMode
      value: 0
      objectReference: {fileID: 0}
    - target: {fileID: 95223104704314710, guid: 3347f356efeb48f4a95ab92f3e365beb,
        type: 2}
      propertyPath: m_UpdateMode
      value: 2
      objectReference: {fileID: 0}
    - target: {fileID: 114988907030920648, guid: 3347f356efeb48f4a95ab92f3e365beb,
        type: 2}
      propertyPath: m_Color.r
      value: 0.8784314
      objectReference: {fileID: 0}
    - target: {fileID: 114988907030920648, guid: 3347f356efeb48f4a95ab92f3e365beb,
        type: 2}
      propertyPath: m_Color.g
      value: 0.7529412
      objectReference: {fileID: 0}
    - target: {fileID: 114988907030920648, guid: 3347f356efeb48f4a95ab92f3e365beb,
        type: 2}
      propertyPath: m_Color.b
      value: 0.2784314
      objectReference: {fileID: 0}
    - target: {fileID: 114988907030920648, guid: 3347f356efeb48f4a95ab92f3e365beb,
        type: 2}
      propertyPath: m_Color.a
      value: 0
      objectReference: {fileID: 0}
    - target: {fileID: 1356358808260898, guid: 3347f356efeb48f4a95ab92f3e365beb, type: 2}
      propertyPath: m_Name
      value: Rounded Outline Orange (3)
      objectReference: {fileID: 0}
    - target: {fileID: 224761647959922476, guid: 3347f356efeb48f4a95ab92f3e365beb,
        type: 2}
      propertyPath: m_AnchoredPosition.x
      value: 0
      objectReference: {fileID: 0}
    - target: {fileID: 224761647959922476, guid: 3347f356efeb48f4a95ab92f3e365beb,
        type: 2}
      propertyPath: m_SizeDelta.x
      value: -20
      objectReference: {fileID: 0}
    - target: {fileID: 224767710224748536, guid: 3347f356efeb48f4a95ab92f3e365beb,
        type: 2}
      propertyPath: m_AnchoredPosition.x
      value: 0
      objectReference: {fileID: 0}
    - target: {fileID: 224767710224748536, guid: 3347f356efeb48f4a95ab92f3e365beb,
        type: 2}
      propertyPath: m_SizeDelta.x
      value: -20
      objectReference: {fileID: 0}
    - target: {fileID: 114544929897584916, guid: 3347f356efeb48f4a95ab92f3e365beb,
        type: 2}
      propertyPath: m_OnClick.m_PersistentCalls.m_Calls.Array.data[0].m_MethodName
      value: MainMenuBtn
      objectReference: {fileID: 0}
    m_RemovedComponents: []
  m_ParentPrefab: {fileID: 100100000, guid: 3347f356efeb48f4a95ab92f3e365beb, type: 2}
  m_IsPrefabParent: 0
--- !u!224 &142353938 stripped
RectTransform:
  m_PrefabParentObject: {fileID: 224343650345746376, guid: 3347f356efeb48f4a95ab92f3e365beb,
    type: 2}
  m_PrefabInternal: {fileID: 142353937}
--- !u!1 &165148222
GameObject:
  m_ObjectHideFlags: 0
  m_PrefabParentObject: {fileID: 0}
  m_PrefabInternal: {fileID: 0}
  serializedVersion: 5
  m_Component:
  - component: {fileID: 165148226}
  - component: {fileID: 165148225}
  - component: {fileID: 165148224}
  - component: {fileID: 165148223}
  m_Layer: 5
  m_Name: PauseCanvas
  m_TagString: Untagged
  m_Icon: {fileID: 0}
  m_NavMeshLayer: 0
  m_StaticEditorFlags: 0
  m_IsActive: 0
--- !u!114 &165148223
MonoBehaviour:
  m_ObjectHideFlags: 0
  m_PrefabParentObject: {fileID: 0}
  m_PrefabInternal: {fileID: 0}
  m_GameObject: {fileID: 165148222}
  m_Enabled: 1
  m_EditorHideFlags: 0
  m_Script: {fileID: 1301386320, guid: f70555f144d8491a825f0804e09c671c, type: 3}
  m_Name: 
  m_EditorClassIdentifier: 
  m_IgnoreReversedGraphics: 1
  m_BlockingObjects: 0
  m_BlockingMask:
    serializedVersion: 2
    m_Bits: 4294967295
--- !u!114 &165148224
MonoBehaviour:
  m_ObjectHideFlags: 0
  m_PrefabParentObject: {fileID: 0}
  m_PrefabInternal: {fileID: 0}
  m_GameObject: {fileID: 165148222}
  m_Enabled: 1
  m_EditorHideFlags: 0
  m_Script: {fileID: 1980459831, guid: f70555f144d8491a825f0804e09c671c, type: 3}
  m_Name: 
  m_EditorClassIdentifier: 
  m_UiScaleMode: 0
  m_ReferencePixelsPerUnit: 100
  m_ScaleFactor: 1
  m_ReferenceResolution: {x: 800, y: 600}
  m_ScreenMatchMode: 0
  m_MatchWidthOrHeight: 0
  m_PhysicalUnit: 3
  m_FallbackScreenDPI: 96
  m_DefaultSpriteDPI: 96
  m_DynamicPixelsPerUnit: 1
--- !u!223 &165148225
Canvas:
  m_ObjectHideFlags: 0
  m_PrefabParentObject: {fileID: 0}
  m_PrefabInternal: {fileID: 0}
  m_GameObject: {fileID: 165148222}
  m_Enabled: 1
  serializedVersion: 3
  m_RenderMode: 0
  m_Camera: {fileID: 0}
  m_PlaneDistance: 100
  m_PixelPerfect: 0
  m_ReceivesEvents: 1
  m_OverrideSorting: 0
  m_OverridePixelPerfect: 0
  m_SortingBucketNormalizedSize: 0
  m_AdditionalShaderChannelsFlag: 0
  m_SortingLayerID: 0
  m_SortingOrder: 1
  m_TargetDisplay: 0
--- !u!224 &165148226
RectTransform:
  m_ObjectHideFlags: 0
  m_PrefabParentObject: {fileID: 0}
  m_PrefabInternal: {fileID: 0}
  m_GameObject: {fileID: 165148222}
  m_LocalRotation: {x: 0, y: 0, z: 0, w: 1}
  m_LocalPosition: {x: 0, y: 0, z: 0}
  m_LocalScale: {x: 0, y: 0, z: 0}
  m_Children:
  - {fileID: 1585082172}
  - {fileID: 566232811}
  - {fileID: 1397105003}
  - {fileID: 2106357713}
  m_Father: {fileID: 0}
  m_RootOrder: 4
  m_LocalEulerAnglesHint: {x: 0, y: 0, z: 0}
  m_AnchorMin: {x: 0, y: 0}
  m_AnchorMax: {x: 0, y: 0}
  m_AnchoredPosition: {x: 0, y: 0}
  m_SizeDelta: {x: 0, y: 0}
  m_Pivot: {x: 0, y: 0}
--- !u!1001 &177716340
Prefab:
  m_ObjectHideFlags: 0
  serializedVersion: 2
  m_Modification:
    m_TransformParent: {fileID: 0}
    m_Modifications:
    - target: {fileID: 224234803665336816, guid: d2920a819203c5245b77139699c1c478,
        type: 2}
      propertyPath: m_LocalPosition.x
      value: 0
      objectReference: {fileID: 0}
    - target: {fileID: 224234803665336816, guid: d2920a819203c5245b77139699c1c478,
        type: 2}
      propertyPath: m_LocalPosition.y
      value: 0
      objectReference: {fileID: 0}
    - target: {fileID: 224234803665336816, guid: d2920a819203c5245b77139699c1c478,
        type: 2}
      propertyPath: m_LocalPosition.z
      value: 0
      objectReference: {fileID: 0}
    - target: {fileID: 224234803665336816, guid: d2920a819203c5245b77139699c1c478,
        type: 2}
      propertyPath: m_LocalRotation.x
      value: 0
      objectReference: {fileID: 0}
    - target: {fileID: 224234803665336816, guid: d2920a819203c5245b77139699c1c478,
        type: 2}
      propertyPath: m_LocalRotation.y
      value: 0
      objectReference: {fileID: 0}
    - target: {fileID: 224234803665336816, guid: d2920a819203c5245b77139699c1c478,
        type: 2}
      propertyPath: m_LocalRotation.z
      value: 0
      objectReference: {fileID: 0}
    - target: {fileID: 224234803665336816, guid: d2920a819203c5245b77139699c1c478,
        type: 2}
      propertyPath: m_LocalRotation.w
      value: 1
      objectReference: {fileID: 0}
    - target: {fileID: 224234803665336816, guid: d2920a819203c5245b77139699c1c478,
        type: 2}
      propertyPath: m_RootOrder
      value: 2
      objectReference: {fileID: 0}
    - target: {fileID: 224234803665336816, guid: d2920a819203c5245b77139699c1c478,
        type: 2}
      propertyPath: m_AnchoredPosition.x
      value: 0
      objectReference: {fileID: 0}
    - target: {fileID: 224234803665336816, guid: d2920a819203c5245b77139699c1c478,
        type: 2}
      propertyPath: m_AnchoredPosition.y
      value: 0
      objectReference: {fileID: 0}
    - target: {fileID: 224234803665336816, guid: d2920a819203c5245b77139699c1c478,
        type: 2}
      propertyPath: m_SizeDelta.x
      value: 0
      objectReference: {fileID: 0}
    - target: {fileID: 224234803665336816, guid: d2920a819203c5245b77139699c1c478,
        type: 2}
      propertyPath: m_SizeDelta.y
      value: 0
      objectReference: {fileID: 0}
    - target: {fileID: 224234803665336816, guid: d2920a819203c5245b77139699c1c478,
        type: 2}
      propertyPath: m_AnchorMin.x
      value: 0
      objectReference: {fileID: 0}
    - target: {fileID: 224234803665336816, guid: d2920a819203c5245b77139699c1c478,
        type: 2}
      propertyPath: m_AnchorMin.y
      value: 0
      objectReference: {fileID: 0}
    - target: {fileID: 224234803665336816, guid: d2920a819203c5245b77139699c1c478,
        type: 2}
      propertyPath: m_AnchorMax.x
      value: 0
      objectReference: {fileID: 0}
    - target: {fileID: 224234803665336816, guid: d2920a819203c5245b77139699c1c478,
        type: 2}
      propertyPath: m_AnchorMax.y
      value: 0
      objectReference: {fileID: 0}
    - target: {fileID: 224234803665336816, guid: d2920a819203c5245b77139699c1c478,
        type: 2}
      propertyPath: m_Pivot.x
      value: 0
      objectReference: {fileID: 0}
    - target: {fileID: 224234803665336816, guid: d2920a819203c5245b77139699c1c478,
        type: 2}
      propertyPath: m_Pivot.y
      value: 0
      objectReference: {fileID: 0}
    - target: {fileID: 223554553858860138, guid: d2920a819203c5245b77139699c1c478,
        type: 2}
      propertyPath: m_Camera
      value: 
      objectReference: {fileID: 361871784}
    - target: {fileID: 224807886347034148, guid: d2920a819203c5245b77139699c1c478,
        type: 2}
      propertyPath: m_AnchoredPosition.x
      value: 5
      objectReference: {fileID: 0}
    - target: {fileID: 224807886347034148, guid: d2920a819203c5245b77139699c1c478,
        type: 2}
      propertyPath: m_SizeDelta.x
      value: -40
      objectReference: {fileID: 0}
    - target: {fileID: 224610443617110556, guid: d2920a819203c5245b77139699c1c478,
        type: 2}
      propertyPath: m_AnchoredPosition.x
      value: -5
      objectReference: {fileID: 0}
    - target: {fileID: 224610443617110556, guid: d2920a819203c5245b77139699c1c478,
        type: 2}
      propertyPath: m_SizeDelta.x
      value: -40
      objectReference: {fileID: 0}
    - target: {fileID: 224543371880483934, guid: d2920a819203c5245b77139699c1c478,
        type: 2}
      propertyPath: m_AnchoredPosition.x
      value: -5
      objectReference: {fileID: 0}
    - target: {fileID: 224543371880483934, guid: d2920a819203c5245b77139699c1c478,
        type: 2}
      propertyPath: m_SizeDelta.x
      value: -40
      objectReference: {fileID: 0}
    - target: {fileID: 224592099917340060, guid: d2920a819203c5245b77139699c1c478,
        type: 2}
      propertyPath: m_AnchoredPosition.x
      value: 5
      objectReference: {fileID: 0}
    - target: {fileID: 224592099917340060, guid: d2920a819203c5245b77139699c1c478,
        type: 2}
      propertyPath: m_SizeDelta.x
      value: -40
      objectReference: {fileID: 0}
    - target: {fileID: 224807886347034148, guid: d2920a819203c5245b77139699c1c478,
        type: 2}
      propertyPath: m_AnchoredPosition.y
      value: 15
      objectReference: {fileID: 0}
    - target: {fileID: 224807886347034148, guid: d2920a819203c5245b77139699c1c478,
        type: 2}
      propertyPath: m_SizeDelta.y
      value: -30
      objectReference: {fileID: 0}
    - target: {fileID: 224610443617110556, guid: d2920a819203c5245b77139699c1c478,
        type: 2}
      propertyPath: m_AnchoredPosition.y
      value: 15
      objectReference: {fileID: 0}
    - target: {fileID: 224610443617110556, guid: d2920a819203c5245b77139699c1c478,
        type: 2}
      propertyPath: m_SizeDelta.y
      value: -30
      objectReference: {fileID: 0}
    - target: {fileID: 224543371880483934, guid: d2920a819203c5245b77139699c1c478,
        type: 2}
      propertyPath: m_AnchoredPosition.y
      value: 15
      objectReference: {fileID: 0}
    - target: {fileID: 224543371880483934, guid: d2920a819203c5245b77139699c1c478,
        type: 2}
      propertyPath: m_SizeDelta.y
      value: -30
      objectReference: {fileID: 0}
    - target: {fileID: 224592099917340060, guid: d2920a819203c5245b77139699c1c478,
        type: 2}
      propertyPath: m_AnchoredPosition.y
      value: 15
      objectReference: {fileID: 0}
    - target: {fileID: 224592099917340060, guid: d2920a819203c5245b77139699c1c478,
        type: 2}
      propertyPath: m_SizeDelta.y
      value: -30
      objectReference: {fileID: 0}
    - target: {fileID: 114501980151973454, guid: d2920a819203c5245b77139699c1c478,
        type: 2}
      propertyPath: m_PreserveAspect
      value: 1
      objectReference: {fileID: 0}
    - target: {fileID: 114132998706479108, guid: d2920a819203c5245b77139699c1c478,
        type: 2}
      propertyPath: m_PreserveAspect
      value: 1
      objectReference: {fileID: 0}
    - target: {fileID: 114160344035143340, guid: d2920a819203c5245b77139699c1c478,
        type: 2}
      propertyPath: m_PreserveAspect
      value: 1
      objectReference: {fileID: 0}
    - target: {fileID: 114001288931423384, guid: d2920a819203c5245b77139699c1c478,
        type: 2}
      propertyPath: m_PreserveAspect
      value: 1
      objectReference: {fileID: 0}
    - target: {fileID: 224628021047542966, guid: d2920a819203c5245b77139699c1c478,
        type: 2}
      propertyPath: m_AnchoredPosition.y
      value: 0
      objectReference: {fileID: 0}
    - target: {fileID: 224628021047542966, guid: d2920a819203c5245b77139699c1c478,
        type: 2}
      propertyPath: m_AnchorMin.x
      value: 0.30000007
      objectReference: {fileID: 0}
    - target: {fileID: 224628021047542966, guid: d2920a819203c5245b77139699c1c478,
        type: 2}
      propertyPath: m_AnchoredPosition.x
      value: 0
      objectReference: {fileID: 0}
    - target: {fileID: 224628021047542966, guid: d2920a819203c5245b77139699c1c478,
        type: 2}
      propertyPath: m_SizeDelta.x
      value: 0
      objectReference: {fileID: 0}
    - target: {fileID: 224628021047542966, guid: d2920a819203c5245b77139699c1c478,
        type: 2}
      propertyPath: m_AnchorMax.y
      value: 0.22500001
      objectReference: {fileID: 0}
    - target: {fileID: 224628021047542966, guid: d2920a819203c5245b77139699c1c478,
        type: 2}
      propertyPath: m_SizeDelta.y
      value: 0
      objectReference: {fileID: 0}
    - target: {fileID: 224628021047542966, guid: d2920a819203c5245b77139699c1c478,
        type: 2}
      propertyPath: m_AnchorMax.x
      value: 0.70000005
      objectReference: {fileID: 0}
    - target: {fileID: 224535053126782676, guid: d2920a819203c5245b77139699c1c478,
        type: 2}
      propertyPath: m_LocalRotation.x
      value: 0
      objectReference: {fileID: 0}
    - target: {fileID: 224535053126782676, guid: d2920a819203c5245b77139699c1c478,
        type: 2}
      propertyPath: m_LocalRotation.y
      value: 0
      objectReference: {fileID: 0}
    - target: {fileID: 224535053126782676, guid: d2920a819203c5245b77139699c1c478,
        type: 2}
      propertyPath: m_LocalRotation.z
      value: 0
      objectReference: {fileID: 0}
    - target: {fileID: 224535053126782676, guid: d2920a819203c5245b77139699c1c478,
        type: 2}
      propertyPath: m_AnchorMin.x
      value: 0.3
      objectReference: {fileID: 0}
    - target: {fileID: 224535053126782676, guid: d2920a819203c5245b77139699c1c478,
        type: 2}
      propertyPath: m_AnchorMax.x
      value: 0.7
      objectReference: {fileID: 0}
    - target: {fileID: 224535053126782676, guid: d2920a819203c5245b77139699c1c478,
        type: 2}
      propertyPath: m_AnchorMax.y
      value: 0.22500001
      objectReference: {fileID: 0}
    - target: {fileID: 224535053126782676, guid: d2920a819203c5245b77139699c1c478,
        type: 2}
      propertyPath: m_AnchoredPosition.y
      value: 0
      objectReference: {fileID: 0}
    - target: {fileID: 224535053126782676, guid: d2920a819203c5245b77139699c1c478,
        type: 2}
      propertyPath: m_SizeDelta.x
      value: 0
      objectReference: {fileID: 0}
    - target: {fileID: 224535053126782676, guid: d2920a819203c5245b77139699c1c478,
        type: 2}
      propertyPath: m_SizeDelta.y
      value: 0
      objectReference: {fileID: 0}
    - target: {fileID: 224157380585369484, guid: d2920a819203c5245b77139699c1c478,
        type: 2}
      propertyPath: m_LocalRotation.x
      value: 0
      objectReference: {fileID: 0}
    - target: {fileID: 224157380585369484, guid: d2920a819203c5245b77139699c1c478,
        type: 2}
      propertyPath: m_LocalRotation.y
      value: 0
      objectReference: {fileID: 0}
    - target: {fileID: 224157380585369484, guid: d2920a819203c5245b77139699c1c478,
        type: 2}
      propertyPath: m_LocalRotation.z
      value: 0
      objectReference: {fileID: 0}
    - target: {fileID: 224157380585369484, guid: d2920a819203c5245b77139699c1c478,
        type: 2}
      propertyPath: m_AnchorMin.x
      value: 0.3
      objectReference: {fileID: 0}
    - target: {fileID: 224157380585369484, guid: d2920a819203c5245b77139699c1c478,
        type: 2}
      propertyPath: m_AnchorMax.x
      value: 0.7
      objectReference: {fileID: 0}
    - target: {fileID: 224157380585369484, guid: d2920a819203c5245b77139699c1c478,
        type: 2}
      propertyPath: m_AnchorMax.y
      value: 0.22500001
      objectReference: {fileID: 0}
    - target: {fileID: 224157380585369484, guid: d2920a819203c5245b77139699c1c478,
        type: 2}
      propertyPath: m_AnchoredPosition.y
      value: 0
      objectReference: {fileID: 0}
    - target: {fileID: 224157380585369484, guid: d2920a819203c5245b77139699c1c478,
        type: 2}
      propertyPath: m_SizeDelta.x
      value: 0
      objectReference: {fileID: 0}
    - target: {fileID: 224157380585369484, guid: d2920a819203c5245b77139699c1c478,
        type: 2}
      propertyPath: m_SizeDelta.y
      value: 0
      objectReference: {fileID: 0}
    - target: {fileID: 224292074221832892, guid: d2920a819203c5245b77139699c1c478,
        type: 2}
      propertyPath: m_LocalRotation.x
      value: 0
      objectReference: {fileID: 0}
    - target: {fileID: 224292074221832892, guid: d2920a819203c5245b77139699c1c478,
        type: 2}
      propertyPath: m_LocalRotation.y
      value: 0
      objectReference: {fileID: 0}
    - target: {fileID: 224292074221832892, guid: d2920a819203c5245b77139699c1c478,
        type: 2}
      propertyPath: m_LocalRotation.z
      value: 0
      objectReference: {fileID: 0}
    - target: {fileID: 224292074221832892, guid: d2920a819203c5245b77139699c1c478,
        type: 2}
      propertyPath: m_AnchorMin.x
      value: 0.3
      objectReference: {fileID: 0}
    - target: {fileID: 224292074221832892, guid: d2920a819203c5245b77139699c1c478,
        type: 2}
      propertyPath: m_AnchorMax.x
      value: 0.7
      objectReference: {fileID: 0}
    - target: {fileID: 224292074221832892, guid: d2920a819203c5245b77139699c1c478,
        type: 2}
      propertyPath: m_AnchorMax.y
      value: 0.22500001
      objectReference: {fileID: 0}
    - target: {fileID: 224292074221832892, guid: d2920a819203c5245b77139699c1c478,
        type: 2}
      propertyPath: m_AnchoredPosition.y
      value: 0
      objectReference: {fileID: 0}
    - target: {fileID: 224292074221832892, guid: d2920a819203c5245b77139699c1c478,
        type: 2}
      propertyPath: m_SizeDelta.x
      value: 0
      objectReference: {fileID: 0}
    - target: {fileID: 224292074221832892, guid: d2920a819203c5245b77139699c1c478,
        type: 2}
      propertyPath: m_SizeDelta.y
      value: 0
      objectReference: {fileID: 0}
    - target: {fileID: 114501980151973454, guid: d2920a819203c5245b77139699c1c478,
        type: 2}
      propertyPath: m_Type
      value: 0
      objectReference: {fileID: 0}
    - target: {fileID: 224628021047542966, guid: d2920a819203c5245b77139699c1c478,
        type: 2}
      propertyPath: m_AnchorMin.y
      value: -0.19500001
      objectReference: {fileID: 0}
    - target: {fileID: 224292074221832892, guid: d2920a819203c5245b77139699c1c478,
        type: 2}
      propertyPath: m_AnchorMin.y
      value: -0.19500001
      objectReference: {fileID: 0}
    - target: {fileID: 224292074221832892, guid: d2920a819203c5245b77139699c1c478,
        type: 2}
      propertyPath: m_AnchoredPosition.x
      value: 0
      objectReference: {fileID: 0}
    - target: {fileID: 224157380585369484, guid: d2920a819203c5245b77139699c1c478,
        type: 2}
      propertyPath: m_AnchorMin.y
      value: -0.19500001
      objectReference: {fileID: 0}
    - target: {fileID: 224535053126782676, guid: d2920a819203c5245b77139699c1c478,
        type: 2}
      propertyPath: m_AnchorMin.y
      value: -0.19500001
      objectReference: {fileID: 0}
    m_RemovedComponents: []
  m_ParentPrefab: {fileID: 100100000, guid: d2920a819203c5245b77139699c1c478, type: 2}
  m_IsPrefabParent: 0
--- !u!1001 &337358361
Prefab:
  m_ObjectHideFlags: 0
  serializedVersion: 2
  m_Modification:
    m_TransformParent: {fileID: 0}
    m_Modifications:
    - target: {fileID: 4853877512181132, guid: e423339d06827454ab2e6f648104f8d9, type: 2}
      propertyPath: m_LocalPosition.x
      value: 0.116
      objectReference: {fileID: 0}
    - target: {fileID: 4853877512181132, guid: e423339d06827454ab2e6f648104f8d9, type: 2}
      propertyPath: m_LocalPosition.y
      value: -13.107
      objectReference: {fileID: 0}
    - target: {fileID: 4853877512181132, guid: e423339d06827454ab2e6f648104f8d9, type: 2}
      propertyPath: m_LocalPosition.z
      value: -0.019991
      objectReference: {fileID: 0}
    - target: {fileID: 4853877512181132, guid: e423339d06827454ab2e6f648104f8d9, type: 2}
      propertyPath: m_LocalRotation.x
      value: 0
      objectReference: {fileID: 0}
    - target: {fileID: 4853877512181132, guid: e423339d06827454ab2e6f648104f8d9, type: 2}
      propertyPath: m_LocalRotation.y
      value: 0
      objectReference: {fileID: 0}
    - target: {fileID: 4853877512181132, guid: e423339d06827454ab2e6f648104f8d9, type: 2}
      propertyPath: m_LocalRotation.z
      value: 0
      objectReference: {fileID: 0}
    - target: {fileID: 4853877512181132, guid: e423339d06827454ab2e6f648104f8d9, type: 2}
      propertyPath: m_LocalRotation.w
      value: 1
      objectReference: {fileID: 0}
    - target: {fileID: 4853877512181132, guid: e423339d06827454ab2e6f648104f8d9, type: 2}
      propertyPath: m_RootOrder
      value: 1
      objectReference: {fileID: 0}
    - target: {fileID: 114328369701869330, guid: e423339d06827454ab2e6f648104f8d9,
        type: 2}
      propertyPath: pauseCanvas
      value: 
      objectReference: {fileID: 165148222}
    - target: {fileID: 114332524803402016, guid: e423339d06827454ab2e6f648104f8d9,
        type: 2}
      propertyPath: pauseCanvas
      value: 
      objectReference: {fileID: 165148222}
    - target: {fileID: 114418115329081220, guid: e423339d06827454ab2e6f648104f8d9,
        type: 2}
      propertyPath: pauseCanvas
      value: 
      objectReference: {fileID: 165148222}
    - target: {fileID: 114511932614571074, guid: e423339d06827454ab2e6f648104f8d9,
        type: 2}
      propertyPath: pauseCanvas
      value: 
      objectReference: {fileID: 165148222}
    - target: {fileID: 114900318134978564, guid: e423339d06827454ab2e6f648104f8d9,
        type: 2}
      propertyPath: powerupImg
      value: 
      objectReference: {fileID: 663324395}
    - target: {fileID: 114820673003524676, guid: e423339d06827454ab2e6f648104f8d9,
        type: 2}
      propertyPath: powerupImg
      value: 
      objectReference: {fileID: 663324395}
    - target: {fileID: 114964160958202530, guid: e423339d06827454ab2e6f648104f8d9,
        type: 2}
      propertyPath: powerupImg
      value: 
      objectReference: {fileID: 663324395}
    - target: {fileID: 114053616602850000, guid: e423339d06827454ab2e6f648104f8d9,
        type: 2}
      propertyPath: goldAmount
      value: 
      objectReference: {fileID: 653872644}
    - target: {fileID: 114053616602850000, guid: e423339d06827454ab2e6f648104f8d9,
        type: 2}
      propertyPath: powerupImg
      value: 
      objectReference: {fileID: 663324395}
    m_RemovedComponents: []
  m_ParentPrefab: {fileID: 100100000, guid: e423339d06827454ab2e6f648104f8d9, type: 2}
  m_IsPrefabParent: 0
--- !u!20 &361871784 stripped
Camera:
  m_PrefabParentObject: {fileID: 20630611867979150, guid: e423339d06827454ab2e6f648104f8d9,
    type: 2}
  m_PrefabInternal: {fileID: 337358361}
--- !u!43 &448541538
Mesh:
  m_ObjectHideFlags: 0
  m_PrefabParentObject: {fileID: 0}
  m_PrefabInternal: {fileID: 0}
  m_Name: 
  serializedVersion: 8
  m_SubMeshes:
  - serializedVersion: 2
    firstByte: 0
    indexCount: 24
    topology: 0
    baseVertex: 0
    firstVertex: 0
    vertexCount: 8
    localAABB:
      m_Center: {x: 0, y: 0.01, z: 0}
      m_Extent: {x: 1.65, y: 0, z: 1.275}
  m_Shapes:
    vertices: []
    shapes: []
    channels: []
    fullWeights: []
  m_BindPose: []
  m_BoneNameHashes: 
  m_RootBoneNameHash: 0
  m_MeshCompression: 0
  m_IsReadable: 1
  m_KeepVertices: 1
  m_KeepIndices: 1
  m_IndexFormat: 0
  m_IndexBuffer: 000004000100010004000500010005000200020005000600020006000300030006000700030007000000000007000400
  m_Skin: []
  m_VertexData:
    m_CurrentChannels: 13
    m_VertexCount: 8
    m_Channels:
    - stream: 0
      offset: 0
      format: 0
      dimension: 3
    - stream: 0
      offset: 0
      format: 0
      dimension: 0
    - stream: 0
      offset: 12
      format: 0
      dimension: 4
    - stream: 0
      offset: 28
      format: 0
      dimension: 2
    - stream: 0
      offset: 0
      format: 0
      dimension: 0
    - stream: 0
      offset: 0
      format: 0
      dimension: 0
    - stream: 0
      offset: 0
      format: 0
      dimension: 0
    - stream: 0
      offset: 0
      format: 0
      dimension: 0
    m_DataSize: 288
    _typelessdata: 0000c03f0ad7233c000090bf000000000000803f0000803f0000803f00000000000000000000c0bf0ad7233c000090bf000000000000803f0000803f0000803f0000803f000000000000c0bf0ad7233c0000903f000000000000803f0000803f0000803f00000000000000000000c03f0ad7233c0000903f000000000000803f0000803f0000803f0000803f000000003333d33f0ad7233c3333a3bf000000000000803f0000803f00000000000000000000803f3333d3bf0ad7233c3333a3bf000000000000803f0000803f000000000000803f0000803f3333d3bf0ad7233c3333a33f000000000000803f0000803f00000000000000000000803f3333d33f0ad7233c3333a33f000000000000803f0000803f000000000000803f0000803f
  m_CompressedMesh:
    m_Vertices:
      m_NumItems: 0
      m_Range: 0
      m_Start: 0
      m_Data: 
      m_BitSize: 0
    m_UV:
      m_NumItems: 0
      m_Range: 0
      m_Start: 0
      m_Data: 
      m_BitSize: 0
    m_Normals:
      m_NumItems: 0
      m_Range: 0
      m_Start: 0
      m_Data: 
      m_BitSize: 0
    m_Tangents:
      m_NumItems: 0
      m_Range: 0
      m_Start: 0
      m_Data: 
      m_BitSize: 0
    m_Weights:
      m_NumItems: 0
      m_Data: 
      m_BitSize: 0
    m_NormalSigns:
      m_NumItems: 0
      m_Data: 
      m_BitSize: 0
    m_TangentSigns:
      m_NumItems: 0
      m_Data: 
      m_BitSize: 0
    m_FloatColors:
      m_NumItems: 0
      m_Range: 0
      m_Start: 0
      m_Data: 
      m_BitSize: 0
    m_BoneIndices:
      m_NumItems: 0
      m_Data: 
      m_BitSize: 0
    m_Triangles:
      m_NumItems: 0
      m_Data: 
      m_BitSize: 0
    m_UVInfo: 0
  m_LocalAABB:
    m_Center: {x: 0, y: 0.01, z: 0}
    m_Extent: {x: 1.65, y: 0, z: 1.275}
  m_MeshUsageFlags: 0
  m_BakedConvexCollisionMesh: 
  m_BakedTriangleCollisionMesh: 
  m_MeshOptimized: 0
--- !u!1 &566232810
GameObject:
  m_ObjectHideFlags: 0
  m_PrefabParentObject: {fileID: 0}
  m_PrefabInternal: {fileID: 0}
  serializedVersion: 5
  m_Component:
  - component: {fileID: 566232811}
  - component: {fileID: 566232813}
  - component: {fileID: 566232812}
  m_Layer: 5
  m_Name: Header
  m_TagString: Untagged
  m_Icon: {fileID: 0}
  m_NavMeshLayer: 0
  m_StaticEditorFlags: 0
  m_IsActive: 1
--- !u!224 &566232811
RectTransform:
  m_ObjectHideFlags: 0
  m_PrefabParentObject: {fileID: 0}
  m_PrefabInternal: {fileID: 0}
  m_GameObject: {fileID: 566232810}
  m_LocalRotation: {x: 0, y: 0, z: 0, w: 1}
  m_LocalPosition: {x: 0, y: 0, z: 0}
  m_LocalScale: {x: 1, y: 1, z: 1}
  m_Children:
  - {fileID: 1950144955}
  m_Father: {fileID: 165148226}
  m_RootOrder: 1
  m_LocalEulerAnglesHint: {x: 0, y: 0, z: 0}
  m_AnchorMin: {x: 0, y: 0.85}
  m_AnchorMax: {x: 1, y: 1}
  m_AnchoredPosition: {x: 0, y: 0}
  m_SizeDelta: {x: 0, y: 0}
  m_Pivot: {x: 0.5, y: 0.5}
--- !u!114 &566232812
MonoBehaviour:
  m_ObjectHideFlags: 0
  m_PrefabParentObject: {fileID: 0}
  m_PrefabInternal: {fileID: 0}
  m_GameObject: {fileID: 566232810}
  m_Enabled: 1
  m_EditorHideFlags: 0
  m_Script: {fileID: -765806418, guid: f70555f144d8491a825f0804e09c671c, type: 3}
  m_Name: 
  m_EditorClassIdentifier: 
  m_Material: {fileID: 0}
  m_Color: {r: 1, g: 1, b: 1, a: 0}
  m_RaycastTarget: 1
  m_OnCullStateChanged:
    m_PersistentCalls:
      m_Calls: []
    m_TypeName: UnityEngine.UI.MaskableGraphic+CullStateChangedEvent, UnityEngine.UI,
      Version=1.0.0.0, Culture=neutral, PublicKeyToken=null
  m_Sprite: {fileID: 10907, guid: 0000000000000000f000000000000000, type: 0}
  m_Type: 1
  m_PreserveAspect: 0
  m_FillCenter: 1
  m_FillMethod: 4
  m_FillAmount: 1
  m_FillClockwise: 1
  m_FillOrigin: 0
--- !u!222 &566232813
CanvasRenderer:
  m_ObjectHideFlags: 0
  m_PrefabParentObject: {fileID: 0}
  m_PrefabInternal: {fileID: 0}
  m_GameObject: {fileID: 566232810}
--- !u!4 &601553263 stripped
Transform:
  m_PrefabParentObject: {fileID: 4612791693935290, guid: f42527c85b5f30d47a09fdaaea14c663,
    type: 2}
  m_PrefabInternal: {fileID: 1857142119}
--- !u!21 &646636980
Material:
  serializedVersion: 6
  m_ObjectHideFlags: 0
  m_PrefabParentObject: {fileID: 0}
  m_PrefabInternal: {fileID: 0}
  m_Name: Sprites/Default
  m_Shader: {fileID: 10753, guid: 0000000000000000f000000000000000, type: 0}
  m_ShaderKeywords: 
  m_LightmapFlags: 4
  m_EnableInstancingVariants: 0
  m_DoubleSidedGI: 0
  m_CustomRenderQueue: -1
  stringTagMap: {}
  disabledShaderPasses: []
  m_SavedProperties:
    serializedVersion: 3
    m_TexEnvs:
    - _AlphaTex:
        m_Texture: {fileID: 0}
        m_Scale: {x: 1, y: 1}
        m_Offset: {x: 0, y: 0}
    - _MainTex:
        m_Texture: {fileID: 0}
        m_Scale: {x: 1, y: 1}
        m_Offset: {x: 0, y: 0}
    m_Floats:
    - PixelSnap: 0
    - _EnableExternalAlpha: 0
    m_Colors:
    - _Color: {r: 1, g: 1, b: 1, a: 1}
    - _Flip: {r: 1, g: 1, b: 1, a: 1}
    - _RendererColor: {r: 1, g: 1, b: 1, a: 1}
--- !u!114 &653872644 stripped
MonoBehaviour:
  m_PrefabParentObject: {fileID: 114891837382086502, guid: d2920a819203c5245b77139699c1c478,
    type: 2}
  m_PrefabInternal: {fileID: 177716340}
  m_Script: {fileID: 708705254, guid: f70555f144d8491a825f0804e09c671c, type: 3}
--- !u!114 &663324395 stripped
MonoBehaviour:
  m_PrefabParentObject: {fileID: 114626434564659088, guid: d2920a819203c5245b77139699c1c478,
    type: 2}
  m_PrefabInternal: {fileID: 177716340}
  m_Script: {fileID: -765806418, guid: f70555f144d8491a825f0804e09c671c, type: 3}
--- !u!4 &672186573 stripped
Transform:
  m_PrefabParentObject: {fileID: 4379660310153424, guid: f42527c85b5f30d47a09fdaaea14c663,
    type: 2}
  m_PrefabInternal: {fileID: 1857142119}
--- !u!1001 &696210635
Prefab:
  m_ObjectHideFlags: 0
  serializedVersion: 2
  m_Modification:
    m_TransformParent: {fileID: 1397105003}
    m_Modifications:
    - target: {fileID: 224653996893046778, guid: e630d70cfd425144daf5b0bc384d4086,
        type: 2}
      propertyPath: m_LocalPosition.x
      value: 0
      objectReference: {fileID: 0}
    - target: {fileID: 224653996893046778, guid: e630d70cfd425144daf5b0bc384d4086,
        type: 2}
      propertyPath: m_LocalPosition.y
      value: 0
      objectReference: {fileID: 0}
    - target: {fileID: 224653996893046778, guid: e630d70cfd425144daf5b0bc384d4086,
        type: 2}
      propertyPath: m_LocalPosition.z
      value: 0
      objectReference: {fileID: 0}
    - target: {fileID: 224653996893046778, guid: e630d70cfd425144daf5b0bc384d4086,
        type: 2}
      propertyPath: m_LocalRotation.x
      value: -0
      objectReference: {fileID: 0}
    - target: {fileID: 224653996893046778, guid: e630d70cfd425144daf5b0bc384d4086,
        type: 2}
      propertyPath: m_LocalRotation.y
      value: -0
      objectReference: {fileID: 0}
    - target: {fileID: 224653996893046778, guid: e630d70cfd425144daf5b0bc384d4086,
        type: 2}
      propertyPath: m_LocalRotation.z
      value: -0
      objectReference: {fileID: 0}
    - target: {fileID: 224653996893046778, guid: e630d70cfd425144daf5b0bc384d4086,
        type: 2}
      propertyPath: m_LocalRotation.w
      value: 1
      objectReference: {fileID: 0}
    - target: {fileID: 224653996893046778, guid: e630d70cfd425144daf5b0bc384d4086,
        type: 2}
      propertyPath: m_RootOrder
      value: 0
      objectReference: {fileID: 0}
    - target: {fileID: 224653996893046778, guid: e630d70cfd425144daf5b0bc384d4086,
        type: 2}
      propertyPath: m_AnchoredPosition.x
      value: 0
      objectReference: {fileID: 0}
    - target: {fileID: 224653996893046778, guid: e630d70cfd425144daf5b0bc384d4086,
        type: 2}
      propertyPath: m_AnchoredPosition.y
      value: 0
      objectReference: {fileID: 0}
    - target: {fileID: 224653996893046778, guid: e630d70cfd425144daf5b0bc384d4086,
        type: 2}
      propertyPath: m_SizeDelta.x
      value: 0
      objectReference: {fileID: 0}
    - target: {fileID: 224653996893046778, guid: e630d70cfd425144daf5b0bc384d4086,
        type: 2}
      propertyPath: m_SizeDelta.y
      value: 0
      objectReference: {fileID: 0}
    - target: {fileID: 224653996893046778, guid: e630d70cfd425144daf5b0bc384d4086,
        type: 2}
      propertyPath: m_AnchorMin.x
      value: 0.4
      objectReference: {fileID: 0}
    - target: {fileID: 224653996893046778, guid: e630d70cfd425144daf5b0bc384d4086,
        type: 2}
      propertyPath: m_AnchorMin.y
      value: 0.6
      objectReference: {fileID: 0}
    - target: {fileID: 224653996893046778, guid: e630d70cfd425144daf5b0bc384d4086,
        type: 2}
      propertyPath: m_AnchorMax.x
      value: 0.6
      objectReference: {fileID: 0}
    - target: {fileID: 224653996893046778, guid: e630d70cfd425144daf5b0bc384d4086,
        type: 2}
      propertyPath: m_AnchorMax.y
      value: 0.8
      objectReference: {fileID: 0}
    - target: {fileID: 224653996893046778, guid: e630d70cfd425144daf5b0bc384d4086,
        type: 2}
      propertyPath: m_Pivot.x
      value: 0.5
      objectReference: {fileID: 0}
    - target: {fileID: 224653996893046778, guid: e630d70cfd425144daf5b0bc384d4086,
        type: 2}
      propertyPath: m_Pivot.y
      value: 0.5
      objectReference: {fileID: 0}
    - target: {fileID: 1997795324735182, guid: e630d70cfd425144daf5b0bc384d4086, type: 2}
      propertyPath: m_Name
      value: Rounded Outline Orange (4)
      objectReference: {fileID: 0}
    - target: {fileID: 114415494069198984, guid: e630d70cfd425144daf5b0bc384d4086,
        type: 2}
      propertyPath: m_OnClick.m_PersistentCalls.m_Calls.Array.data[0].m_Target
      value: 
      objectReference: {fileID: 1058429503}
    - target: {fileID: 95281647330862198, guid: e630d70cfd425144daf5b0bc384d4086,
        type: 2}
      propertyPath: m_CullingMode
      value: 0
      objectReference: {fileID: 0}
    - target: {fileID: 95281647330862198, guid: e630d70cfd425144daf5b0bc384d4086,
        type: 2}
      propertyPath: m_UpdateMode
      value: 2
      objectReference: {fileID: 0}
    - target: {fileID: 224026558833947494, guid: e630d70cfd425144daf5b0bc384d4086,
        type: 2}
      propertyPath: m_AnchoredPosition.x
      value: 0
      objectReference: {fileID: 0}
    - target: {fileID: 224026558833947494, guid: e630d70cfd425144daf5b0bc384d4086,
        type: 2}
      propertyPath: m_SizeDelta.x
      value: -12
      objectReference: {fileID: 0}
    - target: {fileID: 224613916111826478, guid: e630d70cfd425144daf5b0bc384d4086,
        type: 2}
      propertyPath: m_AnchoredPosition.x
      value: 0
      objectReference: {fileID: 0}
    - target: {fileID: 224613916111826478, guid: e630d70cfd425144daf5b0bc384d4086,
        type: 2}
      propertyPath: m_SizeDelta.x
      value: -12
      objectReference: {fileID: 0}
    - target: {fileID: 224026558833947494, guid: e630d70cfd425144daf5b0bc384d4086,
        type: 2}
      propertyPath: m_AnchoredPosition.y
      value: 0
      objectReference: {fileID: 0}
    - target: {fileID: 224026558833947494, guid: e630d70cfd425144daf5b0bc384d4086,
        type: 2}
      propertyPath: m_SizeDelta.y
      value: -12
      objectReference: {fileID: 0}
    - target: {fileID: 224613916111826478, guid: e630d70cfd425144daf5b0bc384d4086,
        type: 2}
      propertyPath: m_AnchoredPosition.y
      value: 0
      objectReference: {fileID: 0}
    - target: {fileID: 224613916111826478, guid: e630d70cfd425144daf5b0bc384d4086,
        type: 2}
      propertyPath: m_SizeDelta.y
      value: -12
      objectReference: {fileID: 0}
    - target: {fileID: 114849759447756516, guid: e630d70cfd425144daf5b0bc384d4086,
        type: 2}
      propertyPath: m_Color.r
      value: 0.8784314
      objectReference: {fileID: 0}
    - target: {fileID: 114849759447756516, guid: e630d70cfd425144daf5b0bc384d4086,
        type: 2}
      propertyPath: m_Color.g
      value: 0.7529412
      objectReference: {fileID: 0}
    - target: {fileID: 114849759447756516, guid: e630d70cfd425144daf5b0bc384d4086,
        type: 2}
      propertyPath: m_Color.b
      value: 0.2784314
      objectReference: {fileID: 0}
    - target: {fileID: 114849759447756516, guid: e630d70cfd425144daf5b0bc384d4086,
        type: 2}
      propertyPath: m_Color.a
      value: 0
      objectReference: {fileID: 0}
    - target: {fileID: 114415494069198984, guid: e630d70cfd425144daf5b0bc384d4086,
        type: 2}
      propertyPath: m_OnClick.m_PersistentCalls.m_Calls.Array.data[0].m_MethodName
      value: ResumeBtn
      objectReference: {fileID: 0}
    - target: {fileID: 114415494069198984, guid: e630d70cfd425144daf5b0bc384d4086,
        type: 2}
      propertyPath: m_OnClick.m_PersistentCalls.m_Calls.Array.data[0].m_Mode
      value: 1
      objectReference: {fileID: 0}
    - target: {fileID: 114556248764118756, guid: e630d70cfd425144daf5b0bc384d4086,
        type: 2}
      propertyPath: m_Text
      value: Resume
      objectReference: {fileID: 0}
    - target: {fileID: 114963349882427086, guid: e630d70cfd425144daf5b0bc384d4086,
        type: 2}
      propertyPath: m_Text
      value: Resume
      objectReference: {fileID: 0}
    m_RemovedComponents: []
  m_ParentPrefab: {fileID: 100100000, guid: e630d70cfd425144daf5b0bc384d4086, type: 2}
  m_IsPrefabParent: 0
--- !u!224 &696210636 stripped
RectTransform:
  m_PrefabParentObject: {fileID: 224653996893046778, guid: e630d70cfd425144daf5b0bc384d4086,
    type: 2}
  m_PrefabInternal: {fileID: 696210635}
--- !u!1 &696210637 stripped
GameObject:
  m_PrefabParentObject: {fileID: 1997795324735182, guid: e630d70cfd425144daf5b0bc384d4086,
    type: 2}
  m_PrefabInternal: {fileID: 696210635}
--- !u!1001 &1058429502
Prefab:
  m_ObjectHideFlags: 0
  serializedVersion: 2
  m_Modification:
    m_TransformParent: {fileID: 0}
    m_Modifications:
    - target: {fileID: 4961786466470376, guid: 1a64fd8d3e404964d90ef24dfde61022, type: 2}
      propertyPath: m_LocalPosition.x
      value: 345.80008
      objectReference: {fileID: 0}
    - target: {fileID: 4961786466470376, guid: 1a64fd8d3e404964d90ef24dfde61022, type: 2}
      propertyPath: m_LocalPosition.y
      value: 404.63672
      objectReference: {fileID: 0}
    - target: {fileID: 4961786466470376, guid: 1a64fd8d3e404964d90ef24dfde61022, type: 2}
      propertyPath: m_LocalPosition.z
      value: 16.420958
      objectReference: {fileID: 0}
    - target: {fileID: 4961786466470376, guid: 1a64fd8d3e404964d90ef24dfde61022, type: 2}
      propertyPath: m_LocalRotation.x
      value: 0
      objectReference: {fileID: 0}
    - target: {fileID: 4961786466470376, guid: 1a64fd8d3e404964d90ef24dfde61022, type: 2}
      propertyPath: m_LocalRotation.y
      value: 0
      objectReference: {fileID: 0}
    - target: {fileID: 4961786466470376, guid: 1a64fd8d3e404964d90ef24dfde61022, type: 2}
      propertyPath: m_LocalRotation.z
      value: 0
      objectReference: {fileID: 0}
    - target: {fileID: 4961786466470376, guid: 1a64fd8d3e404964d90ef24dfde61022, type: 2}
      propertyPath: m_LocalRotation.w
      value: 1
      objectReference: {fileID: 0}
    - target: {fileID: 4961786466470376, guid: 1a64fd8d3e404964d90ef24dfde61022, type: 2}
      propertyPath: m_RootOrder
      value: 6
      objectReference: {fileID: 0}
    - target: {fileID: 114114070527704868, guid: 1a64fd8d3e404964d90ef24dfde61022,
        type: 2}
      propertyPath: selectedObject
      value: 
      objectReference: {fileID: 696210637}
    - target: {fileID: 114114070527704868, guid: 1a64fd8d3e404964d90ef24dfde61022,
        type: 2}
      propertyPath: playerNumber
      value: 
      objectReference: {fileID: 0}
    - target: {fileID: 1563099947151428, guid: 1a64fd8d3e404964d90ef24dfde61022, type: 2}
      propertyPath: m_Name
      value: ButtonManager
      objectReference: {fileID: 0}
    - target: {fileID: 114114070527704868, guid: 1a64fd8d3e404964d90ef24dfde61022,
        type: 2}
      propertyPath: pauseCanvas
      value: 
      objectReference: {fileID: 165148222}
    - target: {fileID: 1563099947151428, guid: 1a64fd8d3e404964d90ef24dfde61022, type: 2}
      propertyPath: m_IsActive
      value: 1
      objectReference: {fileID: 0}
    m_RemovedComponents: []
  m_ParentPrefab: {fileID: 100100000, guid: 1a64fd8d3e404964d90ef24dfde61022, type: 2}
  m_IsPrefabParent: 0
--- !u!114 &1058429503 stripped
MonoBehaviour:
  m_PrefabParentObject: {fileID: 114114070527704868, guid: 1a64fd8d3e404964d90ef24dfde61022,
    type: 2}
  m_PrefabInternal: {fileID: 1058429502}
  m_Script: {fileID: 11500000, guid: 0a755bfcbd5846340a017e8033cfef66, type: 3}
--- !u!114 &1090857436 stripped
MonoBehaviour:
  m_PrefabParentObject: {fileID: 114387980641437160, guid: d2920a819203c5245b77139699c1c478,
    type: 2}
  m_PrefabInternal: {fileID: 177716340}
  m_Script: {fileID: 708705254, guid: f70555f144d8491a825f0804e09c671c, type: 3}
--- !u!1 &1397105002
GameObject:
  m_ObjectHideFlags: 0
  m_PrefabParentObject: {fileID: 0}
  m_PrefabInternal: {fileID: 0}
  serializedVersion: 5
  m_Component:
  - component: {fileID: 1397105003}
  - component: {fileID: 1397105005}
  - component: {fileID: 1397105004}
  m_Layer: 5
  m_Name: Body
  m_TagString: Untagged
  m_Icon: {fileID: 0}
  m_NavMeshLayer: 0
  m_StaticEditorFlags: 0
  m_IsActive: 1
--- !u!224 &1397105003
RectTransform:
  m_ObjectHideFlags: 0
  m_PrefabParentObject: {fileID: 0}
  m_PrefabInternal: {fileID: 0}
  m_GameObject: {fileID: 1397105002}
  m_LocalRotation: {x: 0, y: 0, z: 0, w: 1}
  m_LocalPosition: {x: 0, y: 0, z: 0}
  m_LocalScale: {x: 1, y: 1, z: 1}
  m_Children:
  - {fileID: 696210636}
  - {fileID: 138381169}
  - {fileID: 142353938}
  m_Father: {fileID: 165148226}
  m_RootOrder: 2
  m_LocalEulerAnglesHint: {x: 0, y: 0, z: 0}
  m_AnchorMin: {x: 0, y: 0.25}
  m_AnchorMax: {x: 1, y: 0.85}
  m_AnchoredPosition: {x: 0, y: 0}
  m_SizeDelta: {x: 0, y: 0}
  m_Pivot: {x: 0.5, y: 0.5}
--- !u!114 &1397105004
MonoBehaviour:
  m_ObjectHideFlags: 0
  m_PrefabParentObject: {fileID: 0}
  m_PrefabInternal: {fileID: 0}
  m_GameObject: {fileID: 1397105002}
  m_Enabled: 1
  m_EditorHideFlags: 0
  m_Script: {fileID: -765806418, guid: f70555f144d8491a825f0804e09c671c, type: 3}
  m_Name: 
  m_EditorClassIdentifier: 
  m_Material: {fileID: 0}
  m_Color: {r: 1, g: 1, b: 1, a: 0}
  m_RaycastTarget: 1
  m_OnCullStateChanged:
    m_PersistentCalls:
      m_Calls: []
    m_TypeName: UnityEngine.UI.MaskableGraphic+CullStateChangedEvent, UnityEngine.UI,
      Version=1.0.0.0, Culture=neutral, PublicKeyToken=null
  m_Sprite: {fileID: 10907, guid: 0000000000000000f000000000000000, type: 0}
  m_Type: 1
  m_PreserveAspect: 0
  m_FillCenter: 1
  m_FillMethod: 4
  m_FillAmount: 1
  m_FillClockwise: 1
  m_FillOrigin: 0
--- !u!222 &1397105005
CanvasRenderer:
  m_ObjectHideFlags: 0
  m_PrefabParentObject: {fileID: 0}
  m_PrefabInternal: {fileID: 0}
  m_GameObject: {fileID: 1397105002}
--- !u!1 &1398932812
GameObject:
  m_ObjectHideFlags: 0
  m_PrefabParentObject: {fileID: 0}
  m_PrefabInternal: {fileID: 0}
  serializedVersion: 5
  m_Component:
  - component: {fileID: 1398932815}
  - component: {fileID: 1398932814}
  - component: {fileID: 1398932813}
  m_Layer: 0
  m_Name: Rewired Event System
  m_TagString: Untagged
  m_Icon: {fileID: 0}
  m_NavMeshLayer: 0
  m_StaticEditorFlags: 0
  m_IsActive: 1
--- !u!114 &1398932813
MonoBehaviour:
  m_ObjectHideFlags: 0
  m_PrefabParentObject: {fileID: 0}
  m_PrefabInternal: {fileID: 0}
  m_GameObject: {fileID: 1398932812}
  m_Enabled: 1
  m_EditorHideFlags: 0
  m_Script: {fileID: 11500000, guid: 10efa70eea88e69459c632aac286892d, type: 3}
  m_Name: 
  m_EditorClassIdentifier: 
  useAllRewiredGamePlayers: 0
  useRewiredSystemPlayer: 1
  rewiredPlayerIds: 00000000
  usePlayingPlayersOnly: 0
  moveOneElementPerAxisPress: 0
  m_HorizontalAxis: UIHorizontal
  m_VerticalAxis: UIVertical
  m_SubmitButton: UISubmit
  m_CancelButton: UICancel
  m_InputActionsPerSecond: 4.5
  m_RepeatDelay: 0
  m_allowMouseInput: 1
  m_allowMouseInputIfTouchSupported: 1
  m_ForceModuleActive: 0
--- !u!114 &1398932814
MonoBehaviour:
  m_ObjectHideFlags: 0
  m_PrefabParentObject: {fileID: 0}
  m_PrefabInternal: {fileID: 0}
  m_GameObject: {fileID: 1398932812}
  m_Enabled: 1
  m_EditorHideFlags: 0
  m_Script: {fileID: -619905303, guid: f5f67c52d1564df4a8936ccd202a3bd8, type: 3}
  m_Name: 
  m_EditorClassIdentifier: 
  m_FirstSelected: {fileID: 0}
  m_sendNavigationEvents: 1
  m_DragThreshold: 5
--- !u!4 &1398932815
Transform:
  m_ObjectHideFlags: 0
  m_PrefabParentObject: {fileID: 0}
  m_PrefabInternal: {fileID: 0}
  m_GameObject: {fileID: 1398932812}
  m_LocalRotation: {x: 0, y: 0, z: 0, w: 1}
  m_LocalPosition: {x: 25.700012, y: 0, z: 14.19}
  m_LocalScale: {x: 1, y: 1, z: 1}
  m_Children: []
  m_Father: {fileID: 0}
  m_RootOrder: 10
  m_LocalEulerAnglesHint: {x: 0, y: 0, z: 0}
--- !u!1 &1508222317
GameObject:
  m_ObjectHideFlags: 0
  m_PrefabParentObject: {fileID: 0}
  m_PrefabInternal: {fileID: 0}
  serializedVersion: 5
  m_Component:
  - component: {fileID: 1508222320}
  - component: {fileID: 1508222319}
  - component: {fileID: 1508222318}
  m_Layer: 0
  m_Name: Aura Spot Light
  m_TagString: Untagged
  m_Icon: {fileID: 0}
  m_NavMeshLayer: 0
  m_StaticEditorFlags: 0
  m_IsActive: 0
--- !u!114 &1508222318
MonoBehaviour:
  m_ObjectHideFlags: 0
  m_PrefabParentObject: {fileID: 0}
  m_PrefabInternal: {fileID: 0}
  m_GameObject: {fileID: 1508222317}
  m_Enabled: 0
  m_EditorHideFlags: 0
  m_Script: {fileID: 11500000, guid: f01d29d88278f45458d99e6b5199e920, type: 3}
  m_Name: 
  m_EditorClassIdentifier: 
  strength: 1
  overrideColor: 0
  overridingColor: {r: 0.9999, g: 0.9999, b: 0.9999, a: 0.9999}
  useShadow: 1
  shadowMapRenderTexture: {fileID: 0}
  useCookie: 1
  cookieMapRenderTexture: {fileID: 0}
  enableOutOfPhaseColor: 0
  outOfPhaseColorStrength: 0.1
  outOfPhaseColor: {r: 0, g: 1, b: 1, a: 1}
  storeShadowDataShader: {fileID: 4800000, guid: fff19db2423616b4dbabe995cd97279e,
    type: 3}
  shadowDataRenderTexture: {fileID: 0}
  customDistanceFalloffThreshold: 0.5
  customDistanceFalloffPower: 2
  storeDirectionalSpotLightCookieMapShader: {fileID: 4800000, guid: ffdac5434c39f7545b910c253007c8fc,
    type: 3}
  customCookieDistanceFalloffStartThreshold: 0.1
  customCookieDistanceFalloffEndThreshold: 0.25
  customCookieDistanceFalloffPower: 2
  customAngularFalloffThreshold: 0.8
  customAngularFalloffPower: 2
  storePointLightShadowMapShader: {fileID: 4800000, guid: f1531a9bd4087ff468de8de09f6ba126,
    type: 3}
  storePointLightShadowMapMesh: {fileID: 4300000, guid: d68bec3f4c08e40468fad98606344ea6,
    type: 3}
  storePointLightCookieMapShader: {fileID: 4800000, guid: 83815c326d7f2514884f3fc7a05b5aef,
    type: 3}
--- !u!108 &1508222319
Light:
  m_ObjectHideFlags: 0
  m_PrefabParentObject: {fileID: 0}
  m_PrefabInternal: {fileID: 0}
  m_GameObject: {fileID: 1508222317}
  m_Enabled: 1
  serializedVersion: 8
  m_Type: 0
  m_Color: {r: 0.42647058, g: 0.7152131, b: 1, a: 1}
  m_Intensity: 1.5
  m_Range: 35
  m_SpotAngle: 30
  m_CookieSize: 10
  m_Shadows:
    m_Type: 2
    m_Resolution: -1
    m_CustomResolution: -1
    m_Strength: 1
    m_Bias: 0.05
    m_NormalBias: 0.4
    m_NearPlane: 0.2
  m_Cookie: {fileID: 0}
  m_DrawHalo: 0
  m_Flare: {fileID: 0}
  m_RenderMode: 0
  m_CullingMask:
    serializedVersion: 2
    m_Bits: 4294967295
  m_Lightmapping: 4
  m_AreaSize: {x: 1, y: 1}
  m_BounceIntensity: 1
  m_ColorTemperature: 6570
  m_UseColorTemperature: 0
  m_ShadowRadius: 0
  m_ShadowAngle: 0
--- !u!4 &1508222320
Transform:
  m_ObjectHideFlags: 0
  m_PrefabParentObject: {fileID: 0}
  m_PrefabInternal: {fileID: 0}
  m_GameObject: {fileID: 1508222317}
  m_LocalRotation: {x: 0.5708074, y: 0.40797195, z: 0.37071648, w: 0.6085287}
  m_LocalPosition: {x: -11.40708, y: 6.5111322, z: 1.5362921}
  m_LocalScale: {x: 1, y: 1, z: 1}
  m_Children: []
  m_Father: {fileID: 672186573}
  m_RootOrder: 0
  m_LocalEulerAnglesHint: {x: 1.8570001, y: 67.911, z: -0.34600002}
--- !u!1001 &1531981918
Prefab:
  m_ObjectHideFlags: 0
  serializedVersion: 2
  m_Modification:
    m_TransformParent: {fileID: 0}
    m_Modifications:
    - target: {fileID: 114312893610602612, guid: 4433e508d39fde3418c7a9a1a58f8bea,
        type: 2}
      propertyPath: players.Array.size
      value: 0
      objectReference: {fileID: 0}
    - target: {fileID: 4493478882469448, guid: 4433e508d39fde3418c7a9a1a58f8bea, type: 2}
      propertyPath: m_LocalPosition.x
      value: 456.10947
      objectReference: {fileID: 0}
    - target: {fileID: 4493478882469448, guid: 4433e508d39fde3418c7a9a1a58f8bea, type: 2}
      propertyPath: m_LocalPosition.y
      value: 482.675
      objectReference: {fileID: 0}
    - target: {fileID: 4493478882469448, guid: 4433e508d39fde3418c7a9a1a58f8bea, type: 2}
      propertyPath: m_LocalPosition.z
      value: 509.53
      objectReference: {fileID: 0}
    - target: {fileID: 4493478882469448, guid: 4433e508d39fde3418c7a9a1a58f8bea, type: 2}
      propertyPath: m_LocalRotation.x
      value: -0
      objectReference: {fileID: 0}
    - target: {fileID: 4493478882469448, guid: 4433e508d39fde3418c7a9a1a58f8bea, type: 2}
      propertyPath: m_LocalRotation.y
      value: -0
      objectReference: {fileID: 0}
    - target: {fileID: 4493478882469448, guid: 4433e508d39fde3418c7a9a1a58f8bea, type: 2}
      propertyPath: m_LocalRotation.z
      value: -0
      objectReference: {fileID: 0}
    - target: {fileID: 4493478882469448, guid: 4433e508d39fde3418c7a9a1a58f8bea, type: 2}
      propertyPath: m_LocalRotation.w
      value: 1
      objectReference: {fileID: 0}
    - target: {fileID: 4493478882469448, guid: 4433e508d39fde3418c7a9a1a58f8bea, type: 2}
      propertyPath: m_RootOrder
      value: 7
      objectReference: {fileID: 0}
    - target: {fileID: 114312893610602612, guid: 4433e508d39fde3418c7a9a1a58f8bea,
        type: 2}
      propertyPath: players.Array.data[0]
      value: 
      objectReference: {fileID: 0}
    - target: {fileID: 114312893610602612, guid: 4433e508d39fde3418c7a9a1a58f8bea,
        type: 2}
      propertyPath: objectsToEnable.Array.data[0]
      value: 
      objectReference: {fileID: 0}
    - target: {fileID: 114312893610602612, guid: 4433e508d39fde3418c7a9a1a58f8bea,
        type: 2}
      propertyPath: objectsToDisable.Array.data[0]
      value: 
      objectReference: {fileID: 0}
    - target: {fileID: 114312893610602612, guid: 4433e508d39fde3418c7a9a1a58f8bea,
        type: 2}
      propertyPath: objectsToDisable.Array.data[1]
      value: 
      objectReference: {fileID: 0}
    m_RemovedComponents: []
  m_ParentPrefab: {fileID: 100100000, guid: 4433e508d39fde3418c7a9a1a58f8bea, type: 2}
  m_IsPrefabParent: 0
--- !u!1001 &1548517016
Prefab:
  m_ObjectHideFlags: 0
  serializedVersion: 2
  m_Modification:
    m_TransformParent: {fileID: 0}
    m_Modifications:
    - target: {fileID: 4765459397796480, guid: 6d7db77409116d04d9a37adfdddf64be, type: 2}
      propertyPath: m_LocalPosition.x
      value: 456.10947
      objectReference: {fileID: 0}
    - target: {fileID: 4765459397796480, guid: 6d7db77409116d04d9a37adfdddf64be, type: 2}
      propertyPath: m_LocalPosition.y
      value: 482.675
      objectReference: {fileID: 0}
    - target: {fileID: 4765459397796480, guid: 6d7db77409116d04d9a37adfdddf64be, type: 2}
      propertyPath: m_LocalPosition.z
      value: 509.53
      objectReference: {fileID: 0}
    - target: {fileID: 4765459397796480, guid: 6d7db77409116d04d9a37adfdddf64be, type: 2}
      propertyPath: m_LocalRotation.x
      value: 0
      objectReference: {fileID: 0}
    - target: {fileID: 4765459397796480, guid: 6d7db77409116d04d9a37adfdddf64be, type: 2}
      propertyPath: m_LocalRotation.y
      value: 0
      objectReference: {fileID: 0}
    - target: {fileID: 4765459397796480, guid: 6d7db77409116d04d9a37adfdddf64be, type: 2}
      propertyPath: m_LocalRotation.z
      value: 0
      objectReference: {fileID: 0}
    - target: {fileID: 4765459397796480, guid: 6d7db77409116d04d9a37adfdddf64be, type: 2}
      propertyPath: m_LocalRotation.w
      value: 1
      objectReference: {fileID: 0}
    - target: {fileID: 4765459397796480, guid: 6d7db77409116d04d9a37adfdddf64be, type: 2}
      propertyPath: m_RootOrder
      value: 8
      objectReference: {fileID: 0}
    - target: {fileID: 114159186624644102, guid: 6d7db77409116d04d9a37adfdddf64be,
        type: 2}
      propertyPath: timerPC
      value: 
      objectReference: {fileID: 1090857436}
    - target: {fileID: 114159186624644102, guid: 6d7db77409116d04d9a37adfdddf64be,
        type: 2}
      propertyPath: totalTime
      value: 500
      objectReference: {fileID: 0}
    m_RemovedComponents: []
  m_ParentPrefab: {fileID: 100100000, guid: 6d7db77409116d04d9a37adfdddf64be, type: 2}
  m_IsPrefabParent: 0
--- !u!1 &1570910056
GameObject:
  m_ObjectHideFlags: 0
  m_PrefabParentObject: {fileID: 0}
  m_PrefabInternal: {fileID: 0}
  serializedVersion: 5
  m_Component:
  - component: {fileID: 1570910058}
  - component: {fileID: 1570910057}
  m_Layer: 0
  m_Name: AudioListener
  m_TagString: Untagged
  m_Icon: {fileID: 0}
  m_NavMeshLayer: 0
  m_StaticEditorFlags: 0
  m_IsActive: 1
--- !u!81 &1570910057
AudioListener:
  m_ObjectHideFlags: 0
  m_PrefabParentObject: {fileID: 0}
  m_PrefabInternal: {fileID: 0}
  m_GameObject: {fileID: 1570910056}
  m_Enabled: 1
--- !u!4 &1570910058
Transform:
  m_ObjectHideFlags: 0
  m_PrefabParentObject: {fileID: 0}
  m_PrefabInternal: {fileID: 0}
  m_GameObject: {fileID: 1570910056}
  m_LocalRotation: {x: 0, y: 0, z: 0, w: 1}
  m_LocalPosition: {x: -23.195885, y: 0.043720827, z: -17.810932}
  m_LocalScale: {x: 1, y: 1, z: 1}
  m_Children: []
  m_Father: {fileID: 0}
  m_RootOrder: 3
  m_LocalEulerAnglesHint: {x: 0, y: 0, z: 0}
--- !u!1 &1585082171
GameObject:
  m_ObjectHideFlags: 0
  m_PrefabParentObject: {fileID: 0}
  m_PrefabInternal: {fileID: 0}
  serializedVersion: 5
  m_Component:
  - component: {fileID: 1585082172}
  - component: {fileID: 1585082174}
  - component: {fileID: 1585082173}
  m_Layer: 5
  m_Name: Background
  m_TagString: Untagged
  m_Icon: {fileID: 0}
  m_NavMeshLayer: 0
  m_StaticEditorFlags: 0
  m_IsActive: 1
--- !u!224 &1585082172
RectTransform:
  m_ObjectHideFlags: 0
  m_PrefabParentObject: {fileID: 0}
  m_PrefabInternal: {fileID: 0}
  m_GameObject: {fileID: 1585082171}
  m_LocalRotation: {x: 0, y: 0, z: 0, w: 1}
  m_LocalPosition: {x: 0, y: 0, z: 0}
  m_LocalScale: {x: 1, y: 1, z: 1}
  m_Children: []
  m_Father: {fileID: 165148226}
  m_RootOrder: 0
  m_LocalEulerAnglesHint: {x: 0, y: 0, z: 0}
  m_AnchorMin: {x: 0, y: 0}
  m_AnchorMax: {x: 1, y: 1}
  m_AnchoredPosition: {x: 0, y: 0}
  m_SizeDelta: {x: 0, y: 0}
  m_Pivot: {x: 0.5, y: 0.5}
--- !u!114 &1585082173
MonoBehaviour:
  m_ObjectHideFlags: 0
  m_PrefabParentObject: {fileID: 0}
  m_PrefabInternal: {fileID: 0}
  m_GameObject: {fileID: 1585082171}
  m_Enabled: 1
  m_EditorHideFlags: 0
  m_Script: {fileID: -765806418, guid: f70555f144d8491a825f0804e09c671c, type: 3}
  m_Name: 
  m_EditorClassIdentifier: 
  m_Material: {fileID: 0}
  m_Color: {r: 0, g: 0, b: 0, a: 0.9607843}
  m_RaycastTarget: 1
  m_OnCullStateChanged:
    m_PersistentCalls:
      m_Calls: []
    m_TypeName: UnityEngine.UI.MaskableGraphic+CullStateChangedEvent, UnityEngine.UI,
      Version=1.0.0.0, Culture=neutral, PublicKeyToken=null
  m_Sprite: {fileID: 10907, guid: 0000000000000000f000000000000000, type: 0}
  m_Type: 1
  m_PreserveAspect: 0
  m_FillCenter: 1
  m_FillMethod: 4
  m_FillAmount: 1
  m_FillClockwise: 1
  m_FillOrigin: 0
--- !u!222 &1585082174
CanvasRenderer:
  m_ObjectHideFlags: 0
  m_PrefabParentObject: {fileID: 0}
  m_PrefabInternal: {fileID: 0}
  m_GameObject: {fileID: 1585082171}
--- !u!1 &1666671842 stripped
GameObject:
  m_PrefabParentObject: {fileID: 1366382787548210, guid: f42527c85b5f30d47a09fdaaea14c663,
    type: 2}
  m_PrefabInternal: {fileID: 1857142119}
--- !u!114 &1666671844
MonoBehaviour:
  m_ObjectHideFlags: 0
  m_PrefabParentObject: {fileID: 0}
  m_PrefabInternal: {fileID: 0}
  m_GameObject: {fileID: 1666671842}
  m_Enabled: 1
  m_EditorHideFlags: 0
  m_Script: {fileID: 11500000, guid: 6bca9ccf900ccc84c887d783321d27e2, type: 3}
  m_Name: 
  m_EditorClassIdentifier: 
  _head: {fileID: 601553263}
  _ears: {fileID: 1724611860}
  wireframe: 0
--- !u!114 &1666671847
MonoBehaviour:
  m_ObjectHideFlags: 0
  m_PrefabParentObject: {fileID: 0}
  m_PrefabInternal: {fileID: 0}
  m_GameObject: {fileID: 1666671842}
  m_Enabled: 1
  m_EditorHideFlags: 0
  m_Script: {fileID: 11500000, guid: cdcd06815c47d30489f70df42db56a48, type: 3}
  m_Name: 
  m_EditorClassIdentifier: 
  frustum:
    settings:
      enableVolumes: 1
      enableVolumesTextureMask: 1
      enableVolumesNoiseMask: 1
      enableDirectionalLights: 1
      enableDirectionalLightsShadows: 1
      enableSpotLights: 1
      enableSpotLightsShadows: 1
      enablePointLights: 1
      enablePointLightsShadows: 1
      enableLightsCookies: 1
      enableOcclusionCulling: 1
      occlusionCullingAccuracy: 2
      enableTemporalReprojection: 1
      temporalReprojectionFactor: 0.9
      resolution: {x: 160, y: 88, z: 128}
      farClipPlaneDistance: 50
      density: 0.25
      anisotropy: 0.5
      color: {r: 0.25, g: 0.25, b: 0.25, a: 1}
      colorStrength: 0.25
    _computeMaximumDepthComputeShader: {fileID: 7200000, guid: a5d52c8a306e8b746ab60b306575aa3e,
      type: 3}
    _processOcclusionMapShader: {fileID: 4800000, guid: b9b5b0990ea6cfa4d96c89a9c1cec3e9,
      type: 3}
    _computeDataComputeShader: {fileID: 7200000, guid: 971d5d94be5bebc44aa6d832c17f5e62,
      type: 3}
    _computeAccumulationComputeShader: {fileID: 7200000, guid: 41ac7d79af1f9614ebe54df4f30ac3e0,
      type: 3}
  applyAsPostProcess: 1
  computeMaximumDepthComputeShader: {fileID: 7200000, guid: a5d52c8a306e8b746ab60b306575aa3e,
    type: 3}
  processOcclusionMapShader: {fileID: 4800000, guid: b9b5b0990ea6cfa4d96c89a9c1cec3e9,
    type: 3}
  computeDataComputeShader: {fileID: 7200000, guid: 971d5d94be5bebc44aa6d832c17f5e62,
    type: 3}
  computeAccumulationComputeShader: {fileID: 7200000, guid: 41ac7d79af1f9614ebe54df4f30ac3e0,
    type: 3}
  postProcessShader: {fileID: 4800000, guid: 50255fa344dbd814c910fdafc5692b09, type: 3}
  blueNoiseTexturesArray: {fileID: 18700000, guid: 518b8337a0340444aa49dd0780efa9c2,
    type: 2}
  _hasBeenAssigned: 1
--- !u!4 &1724611860 stripped
Transform:
  m_PrefabParentObject: {fileID: 4825908175844268, guid: f42527c85b5f30d47a09fdaaea14c663,
    type: 2}
  m_PrefabInternal: {fileID: 1857142119}
--- !u!1001 &1857142119
Prefab:
  m_ObjectHideFlags: 0
  serializedVersion: 2
  m_Modification:
    m_TransformParent: {fileID: 0}
    m_Modifications:
    - target: {fileID: 4580767881665262, guid: f42527c85b5f30d47a09fdaaea14c663, type: 2}
      propertyPath: m_LocalPosition.x
      value: 0
      objectReference: {fileID: 0}
    - target: {fileID: 4580767881665262, guid: f42527c85b5f30d47a09fdaaea14c663, type: 2}
      propertyPath: m_LocalPosition.y
      value: 0
      objectReference: {fileID: 0}
    - target: {fileID: 4580767881665262, guid: f42527c85b5f30d47a09fdaaea14c663, type: 2}
      propertyPath: m_LocalPosition.z
      value: 0
      objectReference: {fileID: 0}
    - target: {fileID: 4580767881665262, guid: f42527c85b5f30d47a09fdaaea14c663, type: 2}
      propertyPath: m_LocalRotation.x
      value: 0
      objectReference: {fileID: 0}
    - target: {fileID: 4580767881665262, guid: f42527c85b5f30d47a09fdaaea14c663, type: 2}
      propertyPath: m_LocalRotation.y
      value: 0
      objectReference: {fileID: 0}
    - target: {fileID: 4580767881665262, guid: f42527c85b5f30d47a09fdaaea14c663, type: 2}
      propertyPath: m_LocalRotation.z
      value: 0
      objectReference: {fileID: 0}
    - target: {fileID: 4580767881665262, guid: f42527c85b5f30d47a09fdaaea14c663, type: 2}
      propertyPath: m_LocalRotation.w
      value: 1
      objectReference: {fileID: 0}
    - target: {fileID: 4580767881665262, guid: f42527c85b5f30d47a09fdaaea14c663, type: 2}
      propertyPath: m_RootOrder
      value: 9
      objectReference: {fileID: 0}
    - target: {fileID: 33935744871732036, guid: f42527c85b5f30d47a09fdaaea14c663,
        type: 2}
      propertyPath: m_Mesh
      value: 
      objectReference: {fileID: 448541538}
    - target: {fileID: 23486409118702234, guid: f42527c85b5f30d47a09fdaaea14c663,
        type: 2}
      propertyPath: m_Materials.Array.data[0]
      value: 
      objectReference: {fileID: 646636980}
    - target: {fileID: 20385169944400968, guid: f42527c85b5f30d47a09fdaaea14c663,
        type: 2}
      propertyPath: m_CullingMask.m_Bits
      value: 4294770687
      objectReference: {fileID: 0}
    - target: {fileID: 4793805334268728, guid: f42527c85b5f30d47a09fdaaea14c663, type: 2}
      propertyPath: m_RootOrder
      value: 1
      objectReference: {fileID: 0}
    - target: {fileID: 4315404428667534, guid: f42527c85b5f30d47a09fdaaea14c663, type: 2}
      propertyPath: m_RootOrder
      value: 3
      objectReference: {fileID: 0}
    - target: {fileID: 224641576468474146, guid: f42527c85b5f30d47a09fdaaea14c663,
        type: 2}
      propertyPath: m_RootOrder
      value: 2
      objectReference: {fileID: 0}
    - target: {fileID: 4793805334268728, guid: f42527c85b5f30d47a09fdaaea14c663, type: 2}
      propertyPath: m_LocalRotation.x
      value: 0.5708074
      objectReference: {fileID: 0}
    - target: {fileID: 4793805334268728, guid: f42527c85b5f30d47a09fdaaea14c663, type: 2}
      propertyPath: m_LocalRotation.y
      value: 0.40797195
      objectReference: {fileID: 0}
    - target: {fileID: 4793805334268728, guid: f42527c85b5f30d47a09fdaaea14c663, type: 2}
      propertyPath: m_LocalRotation.z
      value: 0.37071648
      objectReference: {fileID: 0}
    - target: {fileID: 4793805334268728, guid: f42527c85b5f30d47a09fdaaea14c663, type: 2}
      propertyPath: m_LocalRotation.w
      value: 0.6085287
      objectReference: {fileID: 0}
    - target: {fileID: 4793805334268728, guid: f42527c85b5f30d47a09fdaaea14c663, type: 2}
      propertyPath: m_LocalPosition.x
      value: -11.40708
      objectReference: {fileID: 0}
    - target: {fileID: 4793805334268728, guid: f42527c85b5f30d47a09fdaaea14c663, type: 2}
      propertyPath: m_LocalPosition.y
      value: 6.5111322
      objectReference: {fileID: 0}
    - target: {fileID: 4793805334268728, guid: f42527c85b5f30d47a09fdaaea14c663, type: 2}
      propertyPath: m_LocalPosition.z
      value: 1.5362921
      objectReference: {fileID: 0}
    - target: {fileID: 4793805334268728, guid: f42527c85b5f30d47a09fdaaea14c663, type: 2}
      propertyPath: m_LocalScale.x
      value: 1
      objectReference: {fileID: 0}
    - target: {fileID: 4793805334268728, guid: f42527c85b5f30d47a09fdaaea14c663, type: 2}
      propertyPath: m_LocalScale.y
      value: 1
      objectReference: {fileID: 0}
    - target: {fileID: 4793805334268728, guid: f42527c85b5f30d47a09fdaaea14c663, type: 2}
      propertyPath: m_LocalScale.z
      value: 1
      objectReference: {fileID: 0}
    - target: {fileID: 4793805334268728, guid: f42527c85b5f30d47a09fdaaea14c663, type: 2}
      propertyPath: m_LocalEulerAnglesHint.x
      value: 1.8570001
      objectReference: {fileID: 0}
    - target: {fileID: 4793805334268728, guid: f42527c85b5f30d47a09fdaaea14c663, type: 2}
      propertyPath: m_LocalEulerAnglesHint.y
      value: 67.911
      objectReference: {fileID: 0}
    - target: {fileID: 4793805334268728, guid: f42527c85b5f30d47a09fdaaea14c663, type: 2}
      propertyPath: m_LocalEulerAnglesHint.z
      value: -0.34600002
      objectReference: {fileID: 0}
    - target: {fileID: 108336155274010192, guid: f42527c85b5f30d47a09fdaaea14c663,
        type: 2}
      propertyPath: m_Enabled
      value: 1
      objectReference: {fileID: 0}
    - target: {fileID: 1360605954497730, guid: f42527c85b5f30d47a09fdaaea14c663, type: 2}
      propertyPath: m_IsActive
      value: 1
      objectReference: {fileID: 0}
    m_RemovedComponents:
    - {fileID: 114090436483534724, guid: f42527c85b5f30d47a09fdaaea14c663, type: 2}
  m_ParentPrefab: {fileID: 100100000, guid: f42527c85b5f30d47a09fdaaea14c663, type: 2}
  m_IsPrefabParent: 0
--- !u!1 &1950144954
GameObject:
  m_ObjectHideFlags: 0
  m_PrefabParentObject: {fileID: 0}
  m_PrefabInternal: {fileID: 0}
  serializedVersion: 5
  m_Component:
  - component: {fileID: 1950144955}
  - component: {fileID: 1950144957}
  - component: {fileID: 1950144956}
  m_Layer: 5
  m_Name: Text
  m_TagString: Untagged
  m_Icon: {fileID: 0}
  m_NavMeshLayer: 0
  m_StaticEditorFlags: 0
  m_IsActive: 1
--- !u!224 &1950144955
RectTransform:
  m_ObjectHideFlags: 0
  m_PrefabParentObject: {fileID: 0}
  m_PrefabInternal: {fileID: 0}
  m_GameObject: {fileID: 1950144954}
  m_LocalRotation: {x: -0, y: -0, z: -0, w: 1}
  m_LocalPosition: {x: 0, y: 0, z: 0}
  m_LocalScale: {x: 1, y: 1, z: 1}
  m_Children: []
  m_Father: {fileID: 566232811}
  m_RootOrder: 0
  m_LocalEulerAnglesHint: {x: 0, y: 0, z: 0}
  m_AnchorMin: {x: 0, y: 0}
  m_AnchorMax: {x: 1, y: 1}
  m_AnchoredPosition: {x: 0, y: 0}
  m_SizeDelta: {x: 0, y: -10}
  m_Pivot: {x: 0.5, y: 0.5}
--- !u!114 &1950144956
MonoBehaviour:
  m_ObjectHideFlags: 0
  m_PrefabParentObject: {fileID: 0}
  m_PrefabInternal: {fileID: 0}
  m_GameObject: {fileID: 1950144954}
  m_Enabled: 1
  m_EditorHideFlags: 0
  m_Script: {fileID: 708705254, guid: f70555f144d8491a825f0804e09c671c, type: 3}
  m_Name: 
  m_EditorClassIdentifier: 
  m_Material: {fileID: 0}
  m_Color: {r: 0.8784314, g: 0.8319491, b: 0.65618825, a: 1}
  m_RaycastTarget: 1
  m_OnCullStateChanged:
    m_PersistentCalls:
      m_Calls: []
    m_TypeName: UnityEngine.UI.MaskableGraphic+CullStateChangedEvent, UnityEngine.UI,
      Version=1.0.0.0, Culture=neutral, PublicKeyToken=null
  m_FontData:
    m_Font: {fileID: 10102, guid: 0000000000000000e000000000000000, type: 0}
    m_FontSize: 0
    m_FontStyle: 0
    m_BestFit: 1
    m_MinSize: 0
    m_MaxSize: 61
    m_Alignment: 4
    m_AlignByGeometry: 0
    m_RichText: 1
    m_HorizontalOverflow: 0
    m_VerticalOverflow: 0
    m_LineSpacing: 1
  m_Text: Pause !
--- !u!222 &1950144957
CanvasRenderer:
  m_ObjectHideFlags: 0
  m_PrefabParentObject: {fileID: 0}
  m_PrefabInternal: {fileID: 0}
  m_GameObject: {fileID: 1950144954}
--- !u!1001 &2078936845
Prefab:
  m_ObjectHideFlags: 0
  serializedVersion: 2
  m_Modification:
    m_TransformParent: {fileID: 0}
    m_Modifications:
    - target: {fileID: 4752235697942656, guid: ad85b32a92adada42b26bbae1b199ecc, type: 2}
      propertyPath: m_LocalPosition.x
      value: -1.3699875
      objectReference: {fileID: 0}
    - target: {fileID: 4752235697942656, guid: ad85b32a92adada42b26bbae1b199ecc, type: 2}
      propertyPath: m_LocalPosition.y
      value: 2.87
      objectReference: {fileID: 0}
    - target: {fileID: 4752235697942656, guid: ad85b32a92adada42b26bbae1b199ecc, type: 2}
      propertyPath: m_LocalPosition.z
      value: 0.5199995
      objectReference: {fileID: 0}
    - target: {fileID: 4752235697942656, guid: ad85b32a92adada42b26bbae1b199ecc, type: 2}
      propertyPath: m_LocalRotation.x
      value: -0.21303199
      objectReference: {fileID: 0}
    - target: {fileID: 4752235697942656, guid: ad85b32a92adada42b26bbae1b199ecc, type: 2}
      propertyPath: m_LocalRotation.y
      value: 0.12089459
      objectReference: {fileID: 0}
    - target: {fileID: 4752235697942656, guid: ad85b32a92adada42b26bbae1b199ecc, type: 2}
      propertyPath: m_LocalRotation.z
      value: -0.56651694
      objectReference: {fileID: 0}
    - target: {fileID: 4752235697942656, guid: ad85b32a92adada42b26bbae1b199ecc, type: 2}
      propertyPath: m_LocalRotation.w
      value: 0.7868039
      objectReference: {fileID: 0}
    - target: {fileID: 4752235697942656, guid: ad85b32a92adada42b26bbae1b199ecc, type: 2}
      propertyPath: m_RootOrder
      value: 0
      objectReference: {fileID: 0}
    - target: {fileID: 1279273692363016, guid: ad85b32a92adada42b26bbae1b199ecc, type: 2}
      propertyPath: m_Name
      value: Directional Light
      objectReference: {fileID: 0}
    m_RemovedComponents: []
  m_ParentPrefab: {fileID: 100100000, guid: ad85b32a92adada42b26bbae1b199ecc, type: 2}
  m_IsPrefabParent: 0
--- !u!1 &2106357712
GameObject:
  m_ObjectHideFlags: 0
  m_PrefabParentObject: {fileID: 0}
  m_PrefabInternal: {fileID: 0}
  serializedVersion: 5
  m_Component:
  - component: {fileID: 2106357713}
  - component: {fileID: 2106357715}
  - component: {fileID: 2106357714}
  m_Layer: 5
  m_Name: Footer
  m_TagString: Untagged
  m_Icon: {fileID: 0}
  m_NavMeshLayer: 0
  m_StaticEditorFlags: 0
  m_IsActive: 1
--- !u!224 &2106357713
RectTransform:
  m_ObjectHideFlags: 0
  m_PrefabParentObject: {fileID: 0}
  m_PrefabInternal: {fileID: 0}
  m_GameObject: {fileID: 2106357712}
  m_LocalRotation: {x: 0, y: 0, z: 0, w: 1}
  m_LocalPosition: {x: 0, y: 0, z: 0}
  m_LocalScale: {x: 1, y: 1, z: 1}
  m_Children: []
  m_Father: {fileID: 165148226}
  m_RootOrder: 3
  m_LocalEulerAnglesHint: {x: 0, y: 0, z: 0}
  m_AnchorMin: {x: 0, y: 0}
  m_AnchorMax: {x: 1, y: 0.25}
  m_AnchoredPosition: {x: 0, y: 0}
  m_SizeDelta: {x: 0, y: 0}
  m_Pivot: {x: 0.5, y: 0.5}
--- !u!114 &2106357714
MonoBehaviour:
  m_ObjectHideFlags: 0
  m_PrefabParentObject: {fileID: 0}
  m_PrefabInternal: {fileID: 0}
  m_GameObject: {fileID: 2106357712}
  m_Enabled: 1
  m_EditorHideFlags: 0
  m_Script: {fileID: -765806418, guid: f70555f144d8491a825f0804e09c671c, type: 3}
  m_Name: 
  m_EditorClassIdentifier: 
  m_Material: {fileID: 0}
  m_Color: {r: 1, g: 1, b: 1, a: 0}
  m_RaycastTarget: 1
  m_OnCullStateChanged:
    m_PersistentCalls:
      m_Calls: []
    m_TypeName: UnityEngine.UI.MaskableGraphic+CullStateChangedEvent, UnityEngine.UI,
      Version=1.0.0.0, Culture=neutral, PublicKeyToken=null
  m_Sprite: {fileID: 10907, guid: 0000000000000000f000000000000000, type: 0}
  m_Type: 1
  m_PreserveAspect: 0
  m_FillCenter: 1
  m_FillMethod: 4
  m_FillAmount: 1
  m_FillClockwise: 1
  m_FillOrigin: 0
--- !u!222 &2106357715
CanvasRenderer:
  m_ObjectHideFlags: 0
  m_PrefabParentObject: {fileID: 0}
  m_PrefabInternal: {fileID: 0}
  m_GameObject: {fileID: 2106357712}
